,,open,minister,food,china,home,know,chinese,look,restaurant,need,include,play,life,use,government,japan,want,day,way,world,old,country,come,people,like,good,art,time,new,work,firm,cost,global,start,investment,help,design,add,product,technology,financial,service,asia,customer,industry,bank,market,business,company,income,yesterday,earning,share,asset,continue,end,stock,revenue,profit,low,month,group,net,quarter,2013,increase,price,rate,billion,expect,rise,high,growth,march,counter,share price,director,offer,exchange,list,acquire,week,unit,close,trading,purchase,shareholder,average,issue,bitcoin,holding,trade,executive,launch,developer,sq,area,sale,land,site,development,project,property,cma,offshore,information,large,oil,cloud,datum,vessel,wine,value,economic,international,report,psf,private,board,sell,buyer,public,state,plan,member,provide,fund,space,create,local,team,award,event,brand,grow,investor,second,june,2014,fall,policy,inflation,economy,sgx,management,system,corporate,bond,interest,buy,energy,residential,hotel,building,office,construction,set,point,2015,region,build,security,think,thing,city,place,chef,lee,total,reit,keppel,term,budget,support,sector,april,capital,ocbc,dbs,information publish,target price,publish,loan,target,noble,remain,watch,car,big,dollar,currency,east,lim,worker,2011,constituency,wp,national,general,vote,candidate,singaporean,grc,election,pap,party,dish,japanese,room,music,president,american,artist,film,singpost,loss,iran,base,sme,trump,central,centre,trust,2016,course,water,index,note,change,swiber,family,find,presidential,political,payment,job,hong kong,kong,hong,housing,industrial,estate,2017,tax,future,programme,lng,maritime,ago,digital,airline,airport,road,cash,india,foreign,north korea,korea,north,organisation,contract,risk,employee,ceo,corporate governance,governance,solution,number,gst,2018,deal,economist,game,asean,fintech,house,healthcare,news,online,july,measure,acquisition,community,regional,long,diversity,app,retail,grab,fuel,30,innovation,live,brexit,real,2019,analyst,gain,cyber,culture,startup,experience,equity,hyflux,cut,net profit,june 30,result,period,partner
2014Q1,0,392.4868483020051,395.1611073100511,395.41778777969716,396.09787553675426,410.6848315991282,422.8312877175447,433.12493234259284,438.9144354142558,443.9213493427695,452.2697063321865,461.55746254720117,462.2499833093326,466.9852304032,474.2542994185051,474.91830948142893,503.95314966390066,508.14917858213835,509.64167622866586,524.3252752344412,568.439508093979,587.6031052384204,588.6213508679767,597.303393661923,732.8636975068641,770.1533410534204,807.9502996235955,860.6329954461463,910.946880734267,1000.7972709745742,1328.78504536622,,,,,,,,,,,,,,,,,,,,,,,,,,,,,,,,,,,,,,,,,,,,,,,,,,,,,,,,,,,,,,,,,,,,,,,,,,,,,,,,,,,,,,,,,,,,,,,,,,,,,,,,,,,,,,,,,,,,,,,,,,,,,,,,,,,,,,,,,,,,,,,,,,,,,,,,,,,,,,,,,,,,,,,,,,,,,,,,,,,,,,,,,,,,,,,,,,,,,,,,,,,,,,,,,,,,,,,,,,,,,,,,,,,,,,,,,,,,,,,,,,,,,,,,,,,,,,,,,,,,,,,,,,,,,,,,,,,,,,,,
2014Q1,1,,,,,,,,,,718.6336183944193,399.06318696994776,,,623.4285189777572,376.8079388802151,,,,,389.570307797248,,,436.74817510870685,538.297490193222,,500.2635688231382,,640.2402082560815,766.933612806174,464.8407128540287,389.48345259214733,392.9857248130994,393.1752192669269,393.872107666398,450.5753553245353,477.2291124585524,485.63191390445655,492.01195648553835,508.2486211365055,514.1012019053226,518.9021455472148,539.3529446285778,542.2862095242671,567.9560980807804,614.8795123614017,943.8618044521116,1065.3478327353478,1407.8785332704153,1541.7589751145224,,,,,,,,,,,,,,,,,,,,,,,,,,,,,,,,,,,,,,,,,,,,,,,,,,,,,,,,,,,,,,,,,,,,,,,,,,,,,,,,,,,,,,,,,,,,,,,,,,,,,,,,,,,,,,,,,,,,,,,,,,,,,,,,,,,,,,,,,,,,,,,,,,,,,,,,,,,,,,,,,,,,,,,,,,,,,,,,,,,,,,,,,,,,,,,,,,,,,,,,,,,,,,,,,,,,,,,,,,,,,,,,,,,,,,,,,,,,,,,,,,,,,,,,,,,,,,,,,,,,,
2014Q1,2,,,,1217.516821856514,,,,,,,,,,,,,,,,,,,,,,,,,,,,886.8647680489735,,,,,,,,,,,,,,1096.7783188168532,2598.172859551572,1018.5466006425303,1094.6197005658817,862.4273516913071,881.2805606572323,911.3250241134205,913.6312754264587,921.0004738712976,950.4347591521314,967.0328421723514,989.1992768883489,1001.7153695567216,1030.0043938086508,1039.149053693084,1059.730330524758,1120.033077234348,1161.6731354205447,1177.999997140841,1184.7867762724636,1190.7199424946173,1271.0004553528731,1289.8637186705191,1317.2847006844843,1334.9609472014524,1350.98926144526,1584.505418135927,1954.8285737533379,,,,,,,,,,,,,,,,,,,,,,,,,,,,,,,,,,,,,,,,,,,,,,,,,,,,,,,,,,,,,,,,,,,,,,,,,,,,,,,,,,,,,,,,,,,,,,,,,,,,,,,,,,,,,,,,,,,,,,,,,,,,,,,,,,,,,,,,,,,,,,,,,,,,,,,,,,,,,,,,,,,,,,,,,,,,,,,,,,,,,,,,,,,,,,,,,,,,,,,,,,,,,,,,,,,,,,,,,,,,,,,,,,,,,,,,,,,,,
2014Q1,3,,,,,,,,,,,,,,,,,,,,,,,,,,,,,221.49305346308438,,223.55345995301548,,,,,,,,,,,,,,,,223.14706397705424,,531.5201229533268,,255.367694803515,,1587.8144198245477,,,,286.8502505512167,,196.78955786382087,,,442.5509677487909,,,512.2001097972473,,560.5780759832597,,,,,,,176.468277981338,177.49671160755997,178.70512426712406,182.2191211153707,190.67085822699335,193.6530488857427,198.2523623036718,204.64138583415027,212.36669894939155,229.58347810120347,238.18818304190313,259.972018896946,266.3051525963409,268.32833818070804,279.6571155069298,295.67537757135966,305.1967762683304,314.34389943940477,339.2259270177266,,,,,,,,,,,,,,,,,,,,,,,,,,,,,,,,,,,,,,,,,,,,,,,,,,,,,,,,,,,,,,,,,,,,,,,,,,,,,,,,,,,,,,,,,,,,,,,,,,,,,,,,,,,,,,,,,,,,,,,,,,,,,,,,,,,,,,,,,,,,,,,,,,,,,,,,,,,,,,,,,,,,,,,,,,,,,,,,,,,,,,,,,,,,,,,,,,,,,,,,,,,,,,,,,,,,,,,,,,
2014Q1,4,,,,,367.7443027041505,,,,,,407.33477348594346,,,,,,,,,,,,,,,,,388.20650708764515,623.1694618631991,,,,,,452.0663726249127,,,,,,,490.7303792504183,551.3415187648972,,,378.85106676208324,811.079371204856,544.7370962749776,715.2690903719865,,347.7517411509281,,,,,,,,,,,401.0151398431979,,,,,865.4538509755353,,418.04466989809083,438.7278584922388,,431.19816723778007,,,,,,357.323640155346,,,,,831.6368982012535,,,,,,,,,,351.2944978920083,367.8280842896667,389.0882598114046,399.9175688343568,417.0970506355382,434.9144537222819,517.6117984901175,524.3026160537466,573.7850802812775,602.9268650576957,921.9377388514048,,,,,,,,,,,,,,,,,,,,,,,,,,,,,,,,,,,,,,,,,,,,,,,,,,,,,,,,,,,,,,,,,,,,,,,,,,,,,,,,,,,,,,,,,,,,,,,,,,,,,,,,,,,,,,,,,,,,,,,,,,,,,,,,,,,,,,,,,,,,,,,,,,,,,,,,,,,,,,,,,,,,,,,,,,,,,,,,,,,,,,,,,,,,,,,,,,,,,,,,,,,,,,,
2014Q2,0,,,,236.90134753497256,,,,,,195.91083356940237,,,,262.99376262988125,,,,,,,,,,,,,,291.83416425487513,288.148290640911,,,168.3930327939269,,,212.57907110966096,,,169.55062317799437,,,,244.03025906793422,,215.54265489210283,,,438.6022504362356,332.1034416700723,457.1925985784539,,202.03683583396497,,439.7058103605563,,,,,,,,,306.5115918645414,,,,,396.97432666063014,,326.88135999559194,,,217.3294308770899,,,,,,547.4795926139012,,,,,,,,,,,,,,,,,,,,,,,,,,169.00987123799052,169.1558220060294,171.34166974596147,175.3408196310025,190.32290352150088,192.862316230149,201.76372416179814,202.81995140829235,222.1083836883219,242.54121909422554,,,,,,,,,,,,,,,,,,,,,,,,,,,,,,,,,,,,,,,,,,,,,,,,,,,,,,,,,,,,,,,,,,,,,,,,,,,,,,,,,,,,,,,,,,,,,,,,,,,,,,,,,,,,,,,,,,,,,,,,,,,,,,,,,,,,,,,,,,,,,,,,,,,,,,,,,,,,,,,,,,,,,,,,,,,,,,,,,,,,,,,,,,,,,,,,,,,,,
2014Q2,1,,389.3908396559583,,,,,,,,369.08936278169267,417.42254653608774,,,438.6963063197763,435.42087651595995,,,,,850.8853411406674,,604.828007393952,415.19804915949186,386.48239891291297,310.6415439497259,338.4977006203145,,672.7702225052408,743.3568106627542,389.91443881963716,349.4616810678139,,382.0191333812013,,,319.98164866417596,,330.39365377620703,,349.34505983146903,,,369.51185719086675,,316.2602988703236,,294.5366118563853,684.0596103784698,637.1090177601811,,,,,,,,,,,,,293.48251014125685,,,,,,,,,,322.727797807099,,,,,318.0041538471882,,,,,,,,,,,,,,,,,,,,,,,,357.4991997898934,,,,,,,,,,,,,349.99775546556725,390.8021801150313,,,,,,,,,,,,,,,,,,,,,,,,,,,,,,,,,,,,,,,,,,,,,,,,,,,,,,,,,,,,,,,,,,,,,,,,,,,,,,,,,,,,,,,,,,,,,,,,,,,,,,,,,,,,,,,,,,,,,,,,,,,,,,,,,,,,,,,,,,,,,,,,,,,,,,,,,,,,,,,,,,,,,,,,,,,,,,,,,,,,,,,,,,,,,,,,,,,
2014Q2,2,,,,1174.6546601063328,,,,,,,,,,,,,,,,,,,,,,,,,851.3547372996388,,,,,,960.2732445738118,,,,,,,,,,,1284.3840423079323,2591.1911264385685,1023.5969052498506,1458.9008071976527,,1010.1575602325802,,2098.143860244747,818.4634018208637,806.1586193064965,843.2348649458896,1044.362518099135,1029.8813366492484,892.8569775104475,840.3998125044674,1135.4709094910418,1227.6661257012718,995.0454944003102,1435.6918620434103,,981.5692466448659,1350.8664579237548,967.4236911208602,1154.0452205008007,1096.013298421199,1333.1626924799755,1517.5217047645467,1746.0452851735433,,,,,,,,,,,,,,,,,,,801.5863552894006,,,,,,,,,,,,,,,,,,,,,,,,910.3607921328147,,,,,,,,,,,,,,,,,,,,,,,,,,,,,,,,,,,,,,,,,,,,,,,,,,,,,,,,,,,,,,,,,,,,,,,,,,,,,,,,,,,,,,,,,,,,,,,,,,,,,,,,,,,,,,,,,,,,,,,,,,,,,,,,,,,,,,,,,,,,,,,,,,,,,,,,,,,,,,,,,,,,,,,,,,,,,,,,,,,,,,,,,,,,,,,,,,
2014Q2,3,,,,298.2134668007657,270.57999469089634,,,,,,,,,,334.0550696157297,309.1747535783179,,,,,,,,,,,,295.06495729284,560.8250619799263,,,,,,329.3065945073654,,,,,,,,,,,,571.330572005903,,,,,,,,,,,,,,294.68135313065375,281.05883977841563,,,,,787.7772355899704,,,341.1106174256719,,352.08857619078583,,,,,355.29179065195035,,,,,,810.1220764364559,,,,,,,,,,,365.787595871691,409.1080869623499,327.05355911732386,298.2893163370296,442.77744889425014,465.11273221572395,426.5544448256563,499.7037861449033,806.4155828641088,694.1135958766478,,,,,,,,,,,,,,278.99406721867564,287.96376363427714,288.6098196261361,314.55983373508434,343.15363729690273,,,,,,,,,,,,,,,,,,,,,,,,,,,,,,,,,,,,,,,,,,,,,,,,,,,,,,,,,,,,,,,,,,,,,,,,,,,,,,,,,,,,,,,,,,,,,,,,,,,,,,,,,,,,,,,,,,,,,,,,,,,,,,,,,,,,,,,,,,,,,,,,,,,,,,,,,,,,,,,,,,,,,,,,,,,,,,,,,,,,,,,,,,,,,
2014Q2,4,,,,,,467.5771092152728,,555.2184326439334,481.7640530352279,788.0491841446132,467.10666426061033,,,627.7580364563049,,,599.345782605551,472.54785047406546,514.5232245784149,506.83207426969574,,,658.0173439858054,858.6872671735738,771.4529779834118,863.3244826745697,597.5108401501583,939.3136429168137,880.3150994165031,1148.7463419975477,,,,557.3635791148114,,523.1450598594404,,488.28051029262366,,,502.7854321122028,855.6089761204901,649.9325852752793,971.4194952939821,,818.1714377179915,,1435.9360457769724,1273.102563234532,,,,534.4866387135867,,,,,,,,,,,,,,,,,,,,,,,,489.76401519695986,,,,,,,,,,,,,,,,,,,,,,,,,,,,,,,,,,,,,,,,,,,,,,,,,,,,,,,,,,,,,,,,,,,,,,,,,,,,,,,,,,,,,,,,,,,,,,,,,,,,,,,,,,,,,,,,,,,,,,,,,,,,,,,,,,,,,,,,,,,,,,,,,,,,,,,,,,,,,,,,,,,,,,,,,,,,,,,,,,,,,,,,,,,,,,,,,,,,,,,,,,,,,,,,,,,,,,,,,,,,,,,,,,,,,,,,,
2014Q3,0,,306.3963607638496,,,,,,,,494.5071073215208,318.3532181344851,,,380.2121083854403,417.0000349968487,378.3910137037982,,,,294.11560350123926,,277.0982059521944,254.84778941716922,296.140000607083,,253.10037047256222,,434.6759581429962,583.4591617212509,334.02109216709556,,,,,,,,,,,,416.10365084751385,,394.6087691205446,,,,369.4338472769178,318.8539514782715,,,,,,,,,,,,,,,,,,,,,,,252.18960378009783,,,,,309.497112845778,,,,,,,,,,,,,,,,,,,,261.13900431595806,,,,270.61643000576134,302.0189306562941,,,,,,,,,,,,,,,,,291.6911016134525,,,263.10588705491455,265.86311900600316,281.8162149455799,286.846247012436,294.48089436259596,349.8103935031589,,,,,,,,,,,,,,,,,,,,,,,,,,,,,,,,,,,,,,,,,,,,,,,,,,,,,,,,,,,,,,,,,,,,,,,,,,,,,,,,,,,,,,,,,,,,,,,,,,,,,,,,,,,,,,,,,,,,,,,,,,,,,,,,,,,,,,,,,,,,,,,,,,,,,,,,,,,,,,,,,,,,,,,,,,,,,,,,,,,,,,,
2014Q3,1,,,,,,463.67528757524263,,576.1928809927379,,,454.11328821615706,506.7172789655583,,522.2704243929817,,,562.7909359474688,463.4108017309275,458.816488015387,733.2548201858449,425.8692485427426,,726.6016161594299,628.8548878143531,914.2654327127866,799.8923027925182,933.2701623566286,981.9932027689191,1120.332365903742,1201.2597995830204,,,,527.3230008540736,,,670.3407469065055,,,,,,,,,,,784.0055657239982,792.897868130126,,,,,,,,,,,,,440.38922503641237,,,,,,,,,,,,,,,,,,,,,,,,,,,,,,,,,,,,,,,,,,,,,,,,,,,,,,,,,,,,,,,,,,427.7501988093591,439.6100208953188,477.34200416061435,503.80204793460604,524.3485036056228,527.3025983806476,539.2832934875717,,,,,,,,,,,,,,,,,,,,,,,,,,,,,,,,,,,,,,,,,,,,,,,,,,,,,,,,,,,,,,,,,,,,,,,,,,,,,,,,,,,,,,,,,,,,,,,,,,,,,,,,,,,,,,,,,,,,,,,,,,,,,,,,,,,,,,,,,,,,,,,,,,,,,,,,,,,,,,,,,,,,,,,,,,,,,,,,
2014Q3,2,,,,965.4219292915566,,,,,,722.3555895678264,491.7538010262314,,,683.3076741910778,497.7527387054728,,,,,528.5143123633861,,682.5666899740244,533.0125909589678,481.2110507543477,,,,815.9655389505361,996.4712128741617,534.3931558713844,667.9772971138947,,654.4460427169784,,596.7173713090239,,,539.2621615277045,,523.1429958627941,,797.9018523587907,866.3212125295428,,697.4617763929188,,1925.3335667296408,1555.9451630644098,2068.3068055802305,,,,,,,,,,,,,,,,,,,,503.2632472666666,,,596.6003573105944,491.71711243984527,,,,,,,,,,,,,,,,,,,,,,,,,,,,,,,,,,516.4308712795306,,,548.4294338564033,,,,,,,,,,,,,,,,,,,,,,,,,526.4790485979543,638.6136622604662,,,,,,,,,,,,,,,,,,,,,,,,,,,,,,,,,,,,,,,,,,,,,,,,,,,,,,,,,,,,,,,,,,,,,,,,,,,,,,,,,,,,,,,,,,,,,,,,,,,,,,,,,,,,,,,,,,,,,,,,,,,,,,,,,,,,,,,,,,,,,,,,,,,,,,,,,,,,,,,,,,,,,,,,,,,,,,
2014Q3,3,,,,,,,,,,,,,,,,,,,,,,,,,,,,,710.6943156917235,,,,,,704.0935941103287,,,,,,,,,,,1382.8087433238602,1178.0222028630303,832.430225195211,890.0572961366638,,,790.2573984184405,2277.555964814297,821.4079988121575,,845.4947857887474,,1032.8446264243523,886.310745956945,,921.7172800129222,1348.8186837600276,1111.27944294212,1304.2102592088906,,864.139923663104,1265.3073958498887,,1027.279833115338,856.0868497351156,815.807590397822,1116.9651625786637,903.0825093554816,,,,,,,,,,680.5218257976969,,,,,,,,,,,,,,,786.7246587638938,,,,,938.8855769934848,,,,,,,,,,693.3544825949805,,,,,,,,,,,,,,,,,,,,,,,,704.349780853471,715.7340282666072,740.9026700812594,,,,,,,,,,,,,,,,,,,,,,,,,,,,,,,,,,,,,,,,,,,,,,,,,,,,,,,,,,,,,,,,,,,,,,,,,,,,,,,,,,,,,,,,,,,,,,,,,,,,,,,,,,,,,,,,,,,,,,,,,,,,,,,,,,,,,,,,,,,,,,,,,,,,,,,,,,,,,,,,,,,,,,,,,,,
2014Q3,4,,,,,,,,,,,,,,,312.41071627447684,405.3390906840865,,,,,,,,,,352.87333514059384,,347.31793831754476,312.04294380883766,,,,,,,,,,,,,,,,,391.43387708692376,1139.542838841663,,,,,,,,296.58393717805507,,,,,330.96304757191433,478.204891478692,,,,,,932.3232163842031,585.2043211945729,,517.9203672655356,466.7493785555997,443.874911719163,641.00776567772,,,,,,,,,,480.21449496791826,,,,,,,,,,,,327.9857674653401,,,323.6025030333542,,358.82270450890826,291.94974325617744,417.2554807850276,338.9344899396859,,,,,,,,,345.32755345646854,,457.9460219115856,,309.3993258370809,,,,,,,,,,,,,,,,,,,,,,,,309.11182302909674,317.70100709717065,332.3967777651519,645.7339541401439,,,,,,,,,,,,,,,,,,,,,,,,,,,,,,,,,,,,,,,,,,,,,,,,,,,,,,,,,,,,,,,,,,,,,,,,,,,,,,,,,,,,,,,,,,,,,,,,,,,,,,,,,,,,,,,,,,,,,,,,,,,,,,,,,,,,,,,,,,,,,,,,,,,,,,,,,,,,,,,,,,,,,,,
2014Q4,0,,,,645.2382364280791,,,,,,794.5449095463113,519.364346258125,,,,498.8423357072384,,,,,,,719.4499821695639,,537.5299600588215,,670.4325907063861,,738.8286231663691,924.8651282991176,670.4756168705597,572.0485863133289,,551.3649816492613,,,551.0191470193289,,,,578.3961462656686,,741.0256552783395,772.661622072848,523.3828735317123,861.0573066222344,,1194.1260424122934,1971.0484572202672,2476.9468047351097,,,,,,,,,,,,,537.4003920444586,,,,,,,,,,523.6852580494466,,,,,622.7235058803936,,,,,,,,,,,,,,,,,,,,,,,,507.65683444181894,,,,,,,,,,,,,,,,,,,,,,,,,,,,,,,,,,,540.8550389735881,,,,,,,,509.6881832379925,526.8324170043569,552.9645771671081,583.5797205383818,,,,,,,,,,,,,,,,,,,,,,,,,,,,,,,,,,,,,,,,,,,,,,,,,,,,,,,,,,,,,,,,,,,,,,,,,,,,,,,,,,,,,,,,,,,,,,,,,,,,,,,,,,,,,,,,,,,,,,,,,,,,,,,,,,,,,,,,,,,,,,,,,,,,,,,,,,,,,,,,,,,
2014Q4,1,,,,809.4188020211367,,,,,,,,,,,,781.4032962619247,,,,,,,,,,,,823.2534593439449,,,,,905.2926543205709,,676.6408126892545,,,,,,611.1305073441074,,,,,1667.8555957244876,2389.967872210435,,,,,,,,618.0290539578787,,940.5154982068832,,,939.7146121268881,723.4649765389576,,,611.1445888291415,,,1597.7405171045757,1283.6432066275142,983.0758638092336,730.4693996939618,868.3187622885362,826.934978636805,1322.8179137071595,,,,,,,,,,,,,,,,,,,,,,,,,,,,,,,,,,,1154.6532462283258,,,,,,833.1262819344396,,623.5341569483991,,,,,,,,,,,633.3262890107826,,,,,,,,,759.1409396920567,,,,718.4230556826967,671.8539147429456,,1086.5266130915788,,,,,603.7795952789263,649.3861063770556,,,,,,,,,,,,,,,,,,,,,,,,,,,,,,,,,,,,,,,,,,,,,,,,,,,,,,,,,,,,,,,,,,,,,,,,,,,,,,,,,,,,,,,,,,,,,,,,,,,,,,,,,,,,,,,,,,,,,,,,,,,,,,,,,,,,,,,,,,,,,,,,,,,,,,,,,,,,,,,,,
2014Q4,2,,,,,,,,,,,,,,,,,,,,,,,,,,,,,635.6762742913047,,,397.47776294488887,,,456.8466472127102,,,,,,,,,,,,631.661336351477,435.8408854836265,489.0643402732402,,,485.4201271836582,759.2333649975832,,,558.0648468492132,,685.9974172938581,624.7470077437733,568.916135514716,643.2945018339617,620.2913707491955,584.1536104602222,889.621373316072,,467.47877636607564,1352.3395547157668,,448.0748279317641,553.1727798502576,,713.0198643441335,,,,,,,,,,,,440.7029319560031,,,,,,,,,,,,,,557.2640801472944,,,,,551.7904238482711,,,,,554.5863467604173,,,,,408.24588129694536,,,,,,,,,,,,,,,,,,,,,,,,,,549.0761911375905,452.5743980206411,,,,,,,,,,398.3606843129051,420.83875512441296,,,,,,,,,,,,,,,,,,,,,,,,,,,,,,,,,,,,,,,,,,,,,,,,,,,,,,,,,,,,,,,,,,,,,,,,,,,,,,,,,,,,,,,,,,,,,,,,,,,,,,,,,,,,,,,,,,,,,,,,,,,,,,,,,,,,,,,,,,,,,,,,,,,,,,,,,,,,,,,
2014Q4,3,,,,,,,,,,,,,,319.6113993325226,,,,,,,,,,,,,,,481.42680265779563,279.13392841490406,,,,,270.13845747681165,,,,,,,,,,,,613.6225799979906,497.75126848669083,340.9731758644398,,,,293.76850063044424,,,273.79496892078646,,,,,,834.0214697425215,,,,,332.4686965316084,,,277.7337750824139,,339.7214053917578,,,,,,,,,,,770.9742477103096,,,,,,,,,,,,314.3980273609408,,345.500550015662,365.0709979479079,399.18435914793145,428.3848828782581,643.7158101114694,792.4041676974769,741.0310402995336,,,,,,,,,277.59396638700423,,,,,,,,300.98659723773534,,,,,,,,263.3370276211758,,,,,,,,,,,,,,,,,,,,,,,,299.5829647019531,319.67086008712255,324.6056358692084,346.613454026504,404.2521605852819,,,,,,,,,,,,,,,,,,,,,,,,,,,,,,,,,,,,,,,,,,,,,,,,,,,,,,,,,,,,,,,,,,,,,,,,,,,,,,,,,,,,,,,,,,,,,,,,,,,,,,,,,,,,,,,,,,,,,,,,,,,,,,,,,,,,,,,,,,,,,,,,,,,,,,,,,,
2014Q4,4,373.3707948276903,,413.3579185956405,,,366.3204284476956,,421.83008522628455,,,406.56250112750485,378.30367548720204,,466.8443751845414,,,494.31620071474816,407.6508951670323,366.067992416255,454.0969173958738,424.2536429007273,,556.9709730287743,558.8702699377066,743.43365311107,619.354782733709,775.4519928823629,811.5589560072343,815.955685458,736.4212773499861,,,,368.42527378166227,,,449.2480924385971,,,,,,426.7097606980487,,,408.9808610533098,,,,,,,1076.356067666647,,,,,,,,,425.1861210238736,,,,,363.8684470112991,,,,,,,,,,373.55321229430245,,,,,,,,,,,,,,,,,,,,,,,,,,,,,,,,,,,,,,,,,,,,,,,,,,,,,,,,,364.85838509121623,,,,,,,,,,,,,,,,,,,,,,,362.26837495194695,,,,,,,,,,,,,,,,,,,,,,,,,,,,,,,,,,,,,,,,,,,,,,,,,,,,,,,,,,,,,,,,,,,,,,,,,,,,,,,,,,,,,,,,,,,,,,,,,,,,,,,,,,,,,,,,,,,,,,,,,,,,,,,,,,,,,,,,,,,,,,,,,,,,,,,,,
2015Q1,0,,,,631.9827839422911,,,,,,,,,,,,,,,,,,,,,,,,721.6837294757468,,,,,638.4868496080381,,552.6278030976725,,,,,,,,,,,1515.9973388161916,2242.975834335534,,603.0597816552091,,,,,,,,906.4475763083321,,,952.9593992078569,895.830390714716,,,,,562.6525905351307,2115.547069538475,1443.1390449689436,847.8501677946282,968.2916756141769,927.2984504302534,841.4549130929249,1347.7984734851354,,,,,,,,,,,,,,,,,,,538.8890897138216,,,,,,,,,,,,,,,,1142.4747908713916,,,,,,,,670.8529779507604,,,,,,,,,,,,,,,,,,,,626.454345172672,,,634.6534424988498,878.4022491144376,534.7174935205419,,849.3392860694508,,,,,553.7171085070718,614.1022515780821,,,,,,,,,643.1876951062679,653.8233287538692,,,,,,,,,,,,,,,,,,,,,,,,,,,,,,,,,,,,,,,,,,,,,,,,,,,,,,,,,,,,,,,,,,,,,,,,,,,,,,,,,,,,,,,,,,,,,,,,,,,,,,,,,,,,,,,,,,,,,,,,,,,,,,,,,,,,,,,,,,,,,,,,,,,,,,,
2015Q1,1,,,,,,,,,,370.8392907490157,302.1484095724047,,,,,,,,,267.458455435695,,,,,,377.34846308961863,,414.1503743685283,740.573154716147,355.7660235323511,,,334.85338914870874,,,305.31906248498115,,249.31945520212744,,,,445.18003379676094,545.5170327830659,253.63342505130723,430.2214514696286,,402.71290526859633,1245.929712490313,875.7064678575267,,,,,,,,,,,,,425.10885134537347,,,,,,,,,,254.04835267261936,240.81456043026355,,,,,291.567421285064,,,,,,,,,,,,,,,,,,,,,,,285.05193565842495,,,,,,,,,,,242.95493586449038,,,327.34399933471957,,,,,,,,,,,247.0535833174013,,,,,,,,,259.46033572536237,,,,,,,,,,312.5825873008566,,,,,,,,,,,,,,,243.49849701055476,244.38304364729694,315.41062409844113,,,,,,,,,,,,,,,,,,,,,,,,,,,,,,,,,,,,,,,,,,,,,,,,,,,,,,,,,,,,,,,,,,,,,,,,,,,,,,,,,,,,,,,,,,,,,,,,,,,,,,,,,,,,,,,,,,,,,,,,,,,,,,,,,,,,,,,,,,,,,,,,,,,,
2015Q1,2,449.00376530818306,,458.51432670981745,,,404.14490308924115,,459.82774036414827,487.01426734585925,,432.34352265500246,361.9759961723108,352.930129349555,516.5990986599039,,,482.09775403346634,500.42314697981834,449.952856027307,498.58013162700104,,,648.7401845659308,615.871100519664,787.1999403799854,817.9492191427718,718.3437361503796,889.9775500509955,860.8749665593555,1012.9287911370515,,,,359.79942972904365,,,601.98413665234,,,,,,,,,,,,,,,,,,,,,,,,,,,,,,,,,,,,,,,,,,,,,,,,,,,,,,,,,,,,,,,,,,,,,,,,,,,,,,,,,,,,,,,,,,,,,376.92373139623146,,,,,,,,,,,,,,,,,,,,,,,,,,,,,,,,,342.6890202518546,342.70660607306854,348.6750503394083,383.49366475511357,508.1986087894115,723.2508343384038,,,,,,,,,,,,,,,,,,,,,,,,,,,,,,,,,,,,,,,,,,,,,,,,,,,,,,,,,,,,,,,,,,,,,,,,,,,,,,,,,,,,,,,,,,,,,,,,,,,,,,,,,,,,,,,,,,,,,,,,,,,,,,,,,,,,,,,,,,,,,,
2015Q1,3,,,,,,,,,,,,,,,,,,,,,,,,,,,,,,,,,,,427.98707189631676,,,,,,,,,,,,708.2896163281013,408.98681496213555,603.4622025479335,,,,1868.06080380147,,,610.5843667796696,,756.8219138363241,733.7216423579047,,402.87013874544834,967.2409766918569,788.298950542806,690.4058132586911,,508.09805670140963,1123.674275180443,,454.6796166325159,411.53895957367257,413.97857980172097,694.2563997408901,,,,,,,,,,,1002.2216726656371,518.295131017326,,,,464.1980642106101,,,,,,,,,,681.9719379456675,523.663106780989,,,652.2922960767007,1289.349125335833,,,,,,,,,,,,,,,,,416.24903016117753,,,,,,,,,,,,,,,,,,,1164.2129719276697,,,,,,,,,,,,,,,,,,,,,,,,,,,,,,410.4966144196513,487.4259384932908,546.3228601229331,,,,,,,,,,,,,,,,,,,,,,,,,,,,,,,,,,,,,,,,,,,,,,,,,,,,,,,,,,,,,,,,,,,,,,,,,,,,,,,,,,,,,,,,,,,,,,,,,,,,,,,,,,,,,,,,,,,,,,,,,,,,,,,,,,,,,,,,,,,
2015Q1,4,,462.28771769683107,,,,,,,,624.3114846784565,389.1570730423944,,,484.33405067624795,822.1258523466826,,,,,,,461.4441613131072,,363.8822278192687,,,,462.23182720269983,644.279053583881,,,,,,548.9124507474598,416.9721414915223,,371.49355519739964,,365.73135288344605,,425.9023375954841,460.454333184125,,380.74958588835875,,559.5026540885765,946.2653065791102,1008.5671531712458,,,,,,391.08273724664866,,,,,,,360.73462878978074,,,,,,,,,,385.5188885014588,370.7611918244531,,,,,,,,,,,,,,,,,,,,,,,,,,,,401.22662546608126,,,,,420.7421458942164,,,,,,,,,,,,,,,,,401.2158001673211,,,394.88747942574383,,,,,,,,,,,,,,,,,,,,,,,,,,,,,,,,,,,,,,,,,,,,,,359.8540215269687,388.38905588005264,428.06028966121363,,,,,,,,,,,,,,,,,,,,,,,,,,,,,,,,,,,,,,,,,,,,,,,,,,,,,,,,,,,,,,,,,,,,,,,,,,,,,,,,,,,,,,,,,,,,,,,,,,,,,,,,,,,,,,,,,,,,,,,,,,,,,,,,,,,,,,,,
2015Q2,0,510.0784516891632,,577.8042643388745,,469.82053102956365,,,571.3054867575268,544.8830741803773,,520.1303710474086,,,734.9927002340299,,,565.6020903533689,496.2305613508557,,471.246017407039,505.9710890050667,,710.4772645518183,622.7031215844526,868.7112977216829,824.8346039571902,637.3356321975491,921.4039634000691,1197.0350531451356,1005.5740125703177,,,,503.3808333460521,,,543.1257963115393,527.1804449944614,,,,,,461.0982239357655,,,460.4100796866375,647.9414563661992,557.0441700723538,,,,,,,,,,,,,,,,,,,,,,,,,,,,,,,,,,637.2974538891739,,,,,,,,,,,,,,,,,,,520.7761734223434,,,,,,,,,,,,,,,,,,,,,,,,,,,,,,,,493.1247489666014,,,,,,,,,,,,,,,,,,,,,,,,,,,,,,,,,497.1994804617839,,,,,,,,,,,,,,,,,,,,,,,,,,,,,,,,,,,,,,,,,,,,,,,,,,,,,,,,,,,,,,,,,,,,,,,,,,,,,,,,,,,,,,,,,,,,,,,,,,,,,,,,,,,,,,,,,,,,,,,,,,,,,,,,,,,,,,,,,,,,,,,
2015Q2,1,,535.4241522532293,,1084.8078674092544,,,,,,984.0551991407704,598.9259004029714,,,,761.1969264243113,,,,,796.5002934693825,,1062.6212613483292,,,,558.0747412969547,,882.5883153037473,969.8401734603168,615.4347799373193,,,753.7967335998418,,657.4999140066045,553.4098197454787,,,,,742.1952031628331,736.895787753526,1126.0356229664924,,697.2814884280109,998.652567232303,940.3801507681789,1644.6381135729391,935.2254722807573,,,,,,,,,,,,,,,,,,,,,,,563.2578780198904,627.470964346949,,,,,,,,,,,,,,,,,,,555.6013642638228,,,,,,,,,615.9358819286,,,,,,,,,,,,,691.1266871535092,600.3335728057069,,,,,,,,,,,,,,,,,,,,,,,,,,,,563.7232231914826,,,,,,,,,,,,,,,,,,,,,,,,,,,,,,,,562.7963606558037,,,,,,,,,,,,,,,,,,,,,,,,,,,,,,,,,,,,,,,,,,,,,,,,,,,,,,,,,,,,,,,,,,,,,,,,,,,,,,,,,,,,,,,,,,,,,,,,,,,,,,,,,,,,,,,,,,,,,,,,,,,,,,,,,,,,,,,
2015Q2,2,,,,,,,,,,,,,,,,195.60379298604713,,,,,,,,,,,,146.58858345625933,,,,,,,220.36609117166134,,,,,,166.47386721318213,165.02955596035417,,,,556.7835487324086,269.7538726641832,314.3867908837921,165.59218860602252,,,,,196.12143418561962,,,,,,,,,,144.07276073125726,,,359.3918805415862,,203.6261706582522,179.19650451879596,,,212.51896171024433,,,,,,,,,,,,,,,,,,,,,,,,,,,,,,,,,278.9242683191059,,,,,,,,,,150.24515848582894,,,,,,,,,,,151.71386853330324,,,,,,,,,145.1095571745981,,,,,,,,,,,,261.90283342907804,,,,,,,,,,,160.43453350097346,,,,,,,,,,,,,,,,,137.87995123710928,139.47074529148,145.9129031900824,151.5749791286049,181.19761673840875,186.38572342229725,187.141912295016,209.66079731144498,210.72602548504673,,,,,,,,,,,,,,,,,,,,,,,,,,,,,,,,,,,,,,,,,,,,,,,,,,,,,,,,,,,,,,,,,,,,,,,,,,,,,,,,,,,,,,,,,,,,,,,,,,,,,,,,,,,,,,,,,,,,,,,,,,,,,,
2015Q2,3,,,,,,,,,,,,,,,,,,,,,,,,,,,,458.7947263156593,,,,,,,,,,,,,,,,,,,1599.5951143336868,473.87090897526207,1353.9305818613816,,,430.60154575183344,1415.1866305810745,490.6317961995671,,572.441582091729,1049.8836816605155,567.2654373519824,502.1878510009684,541.4473261516018,505.5998665774438,873.6983682509679,596.7193369269921,602.8494098122163,,,857.016593938938,531.8190459911787,590.9640488588253,,503.99239980249826,693.7738929040272,429.40555952590097,,,,,,,,,,,,,,543.9723536372518,,,,,,,,,,,,,,,,,,,,,,,,,,446.8213174470517,,,595.3926767541004,,,,,,,,,,,,,,,,,,,,684.5260798749083,,,,423.05204984804055,,,,,,,,,452.5505318598737,,,,,,,,,,422.04717527555607,,,,,,,,,,,,,,,,,,,,,,,,,,418.4740454483812,,,,,,,,,,,,,,,,,,,,,,,,,,,,,,,,,,,,,,,,,,,,,,,,,,,,,,,,,,,,,,,,,,,,,,,,,,,,,,,,,,,,,,,,,,,,,,,,,,,,,,,,,,,,,,,,,,,,,,,,,,,,,
2015Q2,4,,,,344.0714189187428,,,,,,,,,,,347.47206340236613,,,,,,,,,,,,,,369.10059015981045,,,,,,,,,,,,,,,,,,810.860782547086,,354.20758717925276,,,,1104.7219470314487,,,392.87255215196745,,,,454.02393068500385,515.4297424720385,581.7033681878132,,665.9869652204352,,403.74555694702417,1132.4117890062687,520.0063475611327,344.32819739606236,628.2480003860069,442.8264616063528,483.15118592380963,657.3925998758695,493.87373780198305,,,,,,,,,463.07333706698523,,,,,422.1557081638632,,,,,,,,,,,,,,411.2963730978527,660.5265071148507,,,,,,,,,,,,,,,,,,,,,,,,,,,,,,,,,,,,561.1076512097655,523.1889010184227,,,,,,,,,,,,,,,,,,,382.287378647777,,,,,,,,,,,362.43898074451704,,,,,,399.0473746698959,,,,,,,,,,362.62042011615364,,,,,,,,,,,,,,,,,,,,,,,,,,,,,,,,,,,,,,,,,,,,,,,,,,,,,,,,,,,,,,,,,,,,,,,,,,,,,,,,,,,,,,,,,,,,,,,,,,,,,,,,,,,,,,,,,,,,,,,,,,,,
2015Q3,0,,,,,,,,,,,,,,,,,,,,,,,,,,,,,726.7770564429637,,,,,,608.3868983596574,,,,,,,,,,,,1889.1988686104185,,628.2065462993545,,,,1826.250507309923,,,630.8927260674467,950.5833889489948,571.4984557483846,532.0666851303577,678.7799012019616,794.3482229515812,1215.9726817032629,654.8539803994902,817.7608702750628,,531.1901561828016,1755.5581818160795,595.156106801367,743.4282443333568,674.4626908745981,611.1036351518868,813.8931610421384,,,,,,,,,,,785.0470659737089,623.2390784518972,,,,,,,,,,,,,,732.486170589108,,,,544.0647853152783,1130.7344848212588,,,,,,,,,,,,,,,,,541.6635717739504,,,,,,,,,,,,,,,,,,668.7282803023999,,614.5388638871725,,,,,,,,,,,,,,,,,,,532.512719451635,,,,,,,,,,,,,,,,,,,,,,,,,,,,,,,,,,,,,,,,,,,,,,,,,,,,,,,,,,,,,,,,,,,,,,,,,,,,,,,,,,,,,,,,,,,,,,,,,,,,,,,,,,,,,,,,,,,,,,,,,,,,,,,,,,,,,,,,,,,,,,,,,,,,,,,
2015Q3,1,,,,,,347.57521698301593,,442.19817993590266,,,376.04228512388926,398.28489116416546,,551.3949171986462,,,418.5289356658587,,,490.32745447377255,378.62161515589025,,522.8756182506609,533.558132484687,713.8356530314124,627.2259473844366,727.798740725138,867.7448045465117,930.1429715984365,757.7752531188287,,,,419.91175277642094,,,559.1066012729619,415.9136616278762,415.28329779552865,,,404.2322563596697,,533.2911693452965,,,,703.2942413179826,611.0328400899292,,,,,,,,,,,,,,,,,,,,,,,,,,,,,,,,,,,,,,,,,,,,,,,,,,,,,,,,,,,,,,,,,,,,,,,,,,,,,,,,,362.6960155626487,416.4553714616637,,,582.4583071823354,,,,,,,,,,,,,,,,,,,,,,,,,,,,,,,,,,,,,,,,,,,,,,,,,,,,,354.6317962541168,356.33095551139303,365.4798109797927,,,,,,,,,,,,,,,,,,,,,,,,,,,,,,,,,,,,,,,,,,,,,,,,,,,,,,,,,,,,,,,,,,,,,,,,,,,,,,,,,,,,,,,,,,,,,,,,,,,,,,,,,,,,,,,,,,,,,,,,,
2015Q3,2,,,,,,,,,,424.3870659965058,396.52095510093494,,,347.6606784744067,426.7995096386556,,,,,,,,,,,342.31794169041126,,483.75745116671976,444.75718527421526,431.8840819454866,417.36895730554875,,,,352.7981712433758,363.3480171333718,,364.0877814500831,,398.2145902690085,600.2488835705082,,,,468.4199212521836,432.10406153479056,514.7279544919669,1031.1260876027454,1744.6059124679675,,,,,,,,,,,,,512.6785169423022,,,,,,,,,,,,,,,450.7730869705666,,,,,,,,,,,,,,,,355.4651021653839,,,,,,,,362.5922000214609,,,,,,,,,,,,,,,387.32096619994,,,448.18105172619255,,,,,,,376.15768268995777,,,,,,,,,,383.13550781418746,,,,,,,,,418.8846064192303,,444.1592248307602,,,,,,,,,,,,,,,,,,,,,,,,,,,,,,,,,,,,,,366.8957022963106,,,,,,,,,,,,,,,,,,,,,,,,,,,,,,,,,,,,,,,,,,,,,,,,,,,,,,,,,,,,,,,,,,,,,,,,,,,,,,,,,,,,,,,,,,,,,,,,,,,,,,,,,,,,,,,,,,,,,,,,,,,,,
2015Q3,3,,,,1651.4328491672684,,,527.2312566505643,,,,,,,,441.2443239045125,645.5040639513994,,,,660.5516380553039,,779.7713840486374,,,,,,609.191158360683,,,,,851.0492933183308,,546.2604095758145,,,,,,569.0143409943727,,863.7702301611283,,,1112.6866818535457,2127.346738033696,609.961754495891,,,,,,,454.4835698427476,,,,,,443.24794014901846,,,,,,501.96875596428936,1058.685932571841,,437.60920059750157,498.1648092878145,,1197.497760513309,,,,,,,,,,,,,,,,,,,450.4130908959378,,,,,,,,,,,,,,,,,,,,,,850.8662060705581,,471.3496939138275,,,,,,,,,,,,,,,,,,,,,,,,431.81183979428494,496.42702884422596,,1235.1755484609641,,,,,,,,,,,,,,,,,,,,,,,,,,,,,,,,509.0850380382267,,,,,,,,,,,,,,,528.7269877547928,681.0370560206549,,,,,,,,,,,,,,,,,,,,,,,,,,,,,,,,,,,,,,,,,,,,,,,,,,,,,,,,,,,,,,,,,,,,,,,,,,,,,,,,,,,,,,,,,,,,,,,,,,,,,,,,,,,,,,,,,,,,,,,
2015Q3,4,,682.7148177489876,,,,,,,,301.0097180115129,,,,,452.72452602082694,,,314.48897814911504,,,,,,605.6741626824389,,299.4867719341923,,422.552521674904,403.54125472345817,399.19002935243316,,,,,,,,263.9974802272823,,,,270.634005497913,,,,,,,,,,,,,,,,,,,,,,,,,,,,,,,,,,,,,,,,,,,,,,,,,,,,,,,,,,,,,,,,,,,,,,,,,,,,,,,,,,,337.05839416413426,,,,,,457.65231027237394,,,,,,,,,,,,,,,,,,,,,,,,,,,,,,,,,,,,,469.88330530465186,,,,,,268.3020303145903,,,,,,,,,,,,,,,,,,266.0511980833443,267.31780968847374,277.1662835790109,277.21617858249857,293.1153096636398,310.19995225223204,347.4596279309113,358.1560920734117,455.76572013335755,497.6196505649888,507.9637238254479,523.1994721369853,602.6549969320749,790.1983681534865,903.2511673402001,,,,,,,,,,,,,,,,,,,,,,,,,,,,,,,,,,,,,,,,,,,,,,,,,,,,,,,,,,,,,,,,,,,,,,,,,,,,,,,,,,,,,,,,,,,,,,,,,,,,,,,,
2015Q4,0,,,,1054.6321120353234,,,,,,,,,,,,,,,,,,,,,,,,898.2203070948166,838.037865757467,,,,,,1015.9514971289082,,,,,,,,,,,1089.785888299321,2920.561680884485,897.7598231611291,,,,,864.7114127188853,,,916.0010982048499,905.796761676413,,,1130.0098773899008,1322.1826895079541,920.6532389001927,839.5474190164286,1362.8655223661594,,830.4037870438284,2391.182830649897,1526.5151289209255,1129.5561408865622,1305.6825538598785,1062.5030331918178,1244.0376281966512,1436.9380901327993,,,,,,,,,,1045.8115222480662,,,,,,,,,,,,,,,885.6438746599778,,,,,1065.9678740521183,,,,,827.9982646148426,,,,,,,,,,,,,,,,,,,,,,,,,,,,,,,,939.4125328443246,,,832.3993522087175,,,,,,,,,,,,,,,,1051.447049178696,,,,,,,,,,,,,,,,,,,,,,,,,,,,,,,,,,,,,,,,,,,,,,,,,,,,,,,,,,,,,,,,,,,,,,,,,,,,,,,,,,,,,,,,,,,,,,,,,,,,,,,,,,,,,,,,,,,,,,,,,,,,,,,,,,,,,,,,,,,,,,,,,,,,,,,
2015Q4,1,227.184593505749,,355.9998815601457,,,,,157.036553685983,538.4014435576419,,184.74359150747955,,,154.97557243978702,,196.59752293363434,155.69722074180072,,,,,,239.43970893558333,,283.7708906808773,249.76781708237195,,230.46654356370178,352.14394155379745,157.3382967899093,,,,,,,,190.73339146529173,,,,,,,,,,168.40975966958004,294.98436054235236,,,,,,,,,,,,,373.3377934868693,,,,,,,,,,,,,,,214.22028291755583,175.75614157041173,,,,,,,,,230.85293010442732,,,,,,,,,,,,,,,,,,,,,,,,,,,,,,,,182.00513035833222,,,,,,,,152.2529396727159,,,,,,,152.11971984782164,,,,,,,,,,,,,164.25157950248865,,,,,,547.3771028617314,,,,,,,,,,,,,,484.32305916534443,,,,,,,,,,,,,,,,,,,,,,,,,,,,,,,,,,,,,,,,157.55470593906986,162.1285271125938,166.69125503482823,,,,,,,,,,,,,,,,,,,,,,,,,,,,,,,,,,,,,,,,,,,,,,,,,,,,,,,,,,,,,,,,,,,,,,,,,,,,,,,,,,,,,,,,,,,,,,,,,,,,,
2015Q4,2,,,,767.3503227687522,,,,,,1023.6575617585634,,,,827.5927966047451,677.9278720202233,,,,,857.408193358636,,936.2885738164367,654.2521470078949,785.6559094599743,,683.048383172936,,914.8351628271669,1372.363887083404,873.6318320187042,,,889.4494631837772,,,722.1389477202458,,649.0521513943863,656.5953667262086,952.8025718408664,660.3571201135147,1051.6526889547722,1208.7475833720373,712.1525883669354,888.2720874956545,1048.1928580613496,1025.9876174739761,2307.9661061081856,1906.4653007412246,,,,,,,,,,,,,,,,,,,,,,,,676.8562189019044,,,,,,,,,,,,,,,,,,,,,,,,,,,,,,,,,,,,,,,,,,,,,,,,,,,,,,,,,,,,,,,,,,,,,,,,,674.3536871235275,,,,,745.0481524021346,,,,,,,,,,,,,,,,,,,,,,,,653.7227057203706,,,,,,,,,,,,,,,,,,,,,,,,,,,,,,,,,,,,,,,,,,,,,,,,,,,,,,,,,,,,,,,,,,,,,,,,,,,,,,,,,,,,,,,,,,,,,,,,,,,,,,,,,,,,,,,,,,,,,,,,,,,,,,,,,,,,,,,
2015Q4,3,,,,441.05837965172685,,294.5347965700318,,258.42975040744375,,,394.79971783971615,438.7610781642971,,,,,284.80990056641497,337.43609060393953,280.2029343744329,508.13555834635326,,379.2036192046674,368.8984032618186,345.2687003286543,422.4182755271859,312.7602795625728,708.2420535867728,597.0436161675672,528.934687777076,567.7059223188073,,,,,,,276.69091807681133,263.89878370785357,,,,,,,,,,,,,,,,,,,,,,,,,,,,,,,,,,,,,,,,,,,,,,,,,,,,,,,,,,,,,,,,,,,,,,,,,,,,,,,,,,,,,360.72096143483986,,269.2380466737081,,,,,,,,305.8113327371473,,,,,,,,,,,,,,,,,,,,,,,,,,,,,,,,,,,307.04384497794166,,,,,,,,,,,,,,,,,,,,,,,,,,,,,,261.8409538421586,,,,,,,,,,,,265.9353333316655,295.79662202344576,299.58878334040907,305.7159305578682,328.7711109387549,,,,,,,,,,,,,,,,,,,,,,,,,,,,,,,,,,,,,,,,,,,,,,,,,,,,,,,,,,,,,,,,,,,,,,,,,,,,,,,,,,,,,,,,,,,,,,,,
2015Q4,4,,,,395.83625668599393,,,,,,,,,,,,,,,,,,,,,,265.25740986145416,,273.4343703464809,367.5196178279871,,243.99459873650548,,,,,,,,,,,219.55525962721148,,,,,438.0293797492394,242.48489894406825,928.8734676147944,,,,1308.6654731925464,,,,248.7021044895221,,,,,381.91708435306373,,,,,425.98979492497597,,,,,,,,,,329.52732463426685,,,375.3976938198068,217.77287960188167,,,,,328.4115463335653,,305.8678129511929,275.51618929574425,,243.87875026194533,341.54270887091843,,,,,,,221.58542050818798,,262.33010800571634,360.86081734178725,,,,,,,,,,378.7906053864379,,,,,,,,,,,,,,,,,,,,,,,,254.66099939563048,,,249.4015628879852,,,,,302.3018608318604,,,,,,232.0932385890812,,,,,,,,,,,,,,,,,,,,,,,,,,,,,,,,,,,,,,,,,,,,,,,,,,,,,,,,,,,,,,,,,245.05820399792165,,,,,,,,,,,,,,,,,,,,,,,,,,,,,,,,,,,,,,,,,,,,,,,,,,,,,,,,,,,,,,,,,,,,,,,,,,,,,,,,,,,,,,,,,,,,,,,
2016Q1,0,,,,539.2383462636936,,,,,,,326.7670851162254,,,,,,,,,,,,,,,,,341.5812892062138,653.1879210694531,,,,,,499.83539647363244,,,,,,336.8543959507398,412.11031739179896,394.04273884855445,,,988.7271344870992,901.3060225161291,495.92478776269166,579.2040393304756,,,,364.828238879929,426.8580863776133,,,,,,,,507.6762000409678,,,,,316.5321148987283,360.0736508597074,848.5171123839599,,,429.82326116191905,310.6992813892396,,,,,371.69638687170783,,,,,,,,,,,,,,,,,,,,,,,,,316.5042941744331,,,,,,,,,,,,,,,,,,,,,315.2966445078949,,,415.55780461591183,,,,,,,,,344.2611165893849,,,,,,,,,319.7598870047694,,,402.79570959354015,,,,,,,,,,,373.5147201995167,,,,,,,,,,,,,,,,,,328.0009565825431,,,,,,359.77826342577134,,,,,,,,,,,,,,,,,,,,,,,,,,,,,,,,,,,,,,,,,,,,,,,,,,,,,,,,,,,,,,,,,,,,,,,,,,,,,,,,,,,,,,,,,,,,,,,,,,,,,,,,,,,,,,,,,,,,,,,,,,,,,,,
2016Q1,1,,,,,,,,,,,,,,,,,,,,,,,,,,,,574.5823408840748,,,,,,,,,,,,,,,,,,,1481.965408608518,648.1714465194901,1432.94440216678,,,,2220.329784494667,,,732.4109173133115,932.3979078942798,706.4219553534923,732.5354212505689,650.5131811639117,624.2043140892513,1207.7118833019365,785.4867431573948,706.4447998945017,,,2140.4486309867893,,,571.9482403021566,609.7259886344787,713.865198376765,,,,,,,,,,,700.2234134385753,661.8898731178148,,,,670.7828065494049,,,,551.0568781261727,,,,,,555.5938465450046,,,,,1003.2413712596132,,,,,569.2571258463869,,,,,629.1310895163728,,,,,,,,,,,,,,,,,,,,,,,,,,,692.5815842426841,,,,,,,,,,628.4161479833845,,,,,,,,,1393.7255402457579,,,,,,,,,,,,,,,,,,,,,,,,,,,,,,,,,,,,,,,,,,,,,,,,,,,,,,,,,556.2622800630614,,,,,,,,,,,,,,,,,,,,,,,,,,,,,,,,,,,,,,,,,,,,,,,,,,,,,,,,,,,,,,,,,,,,,,,,,,,,,,,,,,,,,,,,,,,,,,
2016Q1,2,,,403.32025310576444,,,469.46474576492534,,426.8203651182494,,,467.8835409524855,358.5253539385948,340.27428737199955,423.51693913053293,,,512.2015758321584,360.2010870034908,376.59607889019975,415.4517223810343,388.4017096504243,,446.9946766679425,690.0873285468018,779.2902792612017,706.5630809917633,772.2648549204374,791.546945025834,821.5813096214468,925.3466451792783,,,,455.41714251079065,,,357.42444224525764,367.1009359759224,,,,,,,,,,435.4601881741379,549.2096559217117,,,,,,,,,,,,,,,,,,,,,,,,,,,,,,,,,,393.0551249978512,,,,,,,,,,,,,,,,,,,392.4430978074156,,,,,,,,,,415.5693730039545,,,,,,,,,,,,,,,,,,,,,,,,,,,,,,,,,,,,,,,,,,,,,,,,,,,382.4516964396412,,,344.4125532165502,,,,,,,,,,,,,,,,,,,,,,,,,,,,,,,,,,,,,,,,,,,,,,,,,,,,,,,,,,,,,,,,,,,,,,,,,,,,,,,,,,,,,,,,,,,,,,,,,,,,,,,,,,,,,,,,,,,,,,,,,,,,,,,,,,,,,,,,,,,,,,,,
2016Q1,3,,,,410.55583333828304,,,,,,161.30025405841116,,,,,163.27117908277103,,,,,,,,156.75755608223218,,,,,216.08948237230507,252.63002795415267,200.05842432837701,232.52496159396935,,,,,160.33826747816173,,,,,,199.31918834498617,,,283.84238005362477,,421.0602659790218,535.6303120220783,406.31294179535115,,,,179.5113364872875,,,,245.09853748382753,,,151.3006210001564,153.79513364464225,226.0994490830039,,,,,178.61504972971392,,,,,,,,,,,,,,,,,,,,,,,,,,,,,,,,,,153.38125272776884,165.1508390777209,,,,,191.01940661150627,227.87874658853147,,,,,,,,,,,,,,,,,,,,,,,,,,,,,,,,,,,,,,,,,,,,,,,,,,,,,,,,,,,,,,,,,,175.63737162392601,300.6166047066412,,,,,,,,,,164.11077976194755,,,,,,,,,,,,,,,,,,,,,,,,,,,,,,,,178.9644479966762,214.7291997426437,255.55760876860307,,,,,,,,,,,,,,,,,,,,,,,,,,,,,,,,,,,,,,,,,,,,,,,,,,,,,,,,,,,,,,,,,,,,,,,,,,,,,,,,,,,,,,,,,,,
2016Q1,4,,,,1019.1804534927563,,,,,,757.8719263534624,,,,,1057.836154910544,777.257339683647,,,,763.4019704672293,,760.1601380464923,778.3597986555426,,,,,1130.1999425112858,1337.1988417296477,,,,1146.8368012863857,,691.063736637444,,,660.3349802393302,,,769.9074988680031,866.0136300575502,813.988969507624,,,1533.4920543819583,2442.637394810674,1584.813265521315,1175.3289607853926,,,,,,760.3169384958073,,,,,681.4768599082241,,,,,,,868.1395835664922,1122.7955319450994,,801.219646455779,,892.3180181692537,1536.332968681029,,,,,,,,,,,,,,,,,,,,,,,,,,,,,,,,,,,,,,,,,1198.568546703797,,,,,,,,,,,,,,,,,,,,,,,,,,,902.2012737406244,,1440.9603197722977,,,,,,,,,,,,,,,,,,,,,,,,,,,,,,,,691.994073371458,,,,,,,,,,,,,,,,,,,,,,,,,,,,,,,,,,,,,,,,,,,,,,,,,,,,,,,,,,,,,,,,,,,,,,,,,,,,,,,,,,,,,,,,,,,,,,,,,,,,,,,,,,,,,,,,,,,,,,,,,,,,,,,,,,,,,,,
2016Q2,0,,,,,,,,,,,,,,,,,,,,,,,,,,,,522.5448705105066,,,457.0369450032457,,,,394.120782991245,,,,,,358.22901794723253,,379.1618508039635,,,1089.5373235034424,1276.8414418096772,,923.8329138181075,,,,1413.938108473892,,,,773.1325024928461,,,,448.26624481819954,342.21407518981874,,,,,622.8553495011645,344.2424427494495,373.14911295874134,,323.7076371646904,346.43135704878836,,,,,319.559786156403,,,,,529.8575557112424,,,,,419.20266729805195,362.12946110488497,,,348.7899653913627,517.2502011600054,,,,,,,,,,,,,,,,,,,,,,,,545.6527741855587,,,,,,,,,,,369.11121114500486,,,,,,,,,448.81278503152475,,,,,,,,,334.5896364923016,,,,331.6652914225489,,,,,,,,,,537.0634697926347,,,,,,,,,,,,,,,,,,361.39532682167936,,,,,,,,,,,,,,,,,,,,,,,,,,,,,,,,,,,,,,,,,,,,,,,,,,,,,,,,,,,,,,,,,,,,,,,,,,,,,,,,,,,,,,,,,,,,,,,,,,,,,,,,,,,,,,,,,,,,,,,,,,,,,,,,,,,,,
2016Q2,1,,384.85410207573636,,503.6486823088144,,,,,,,,,,,599.2685657197303,718.4302884833179,,,,,,457.09355514344844,390.65141670451885,,,,,456.7944594049336,515.4876874685959,,,,412.1783539666722,,,,,,,,,,,,,593.4887623408373,1027.0521269026935,,,,,,,,,,,,,,647.416660565118,,,,,,1087.430242104211,587.0532537131407,,522.6138768612545,,395.95983259864016,630.0617532124754,,,,,,,,,,722.8296479909233,,,,,,,,,493.00410369080913,,,,,,,,,,620.0007079771017,420.22163363924756,,,,,558.5234598943646,,,,,,688.0595904820431,,,,,,,,,421.9196419525656,,,,,,,,,,,,,,,,,428.64428747573896,706.653298533705,,780.8195439743666,,,,,,,,,,,,,,,,,,,,,,,,,,,,,,,,,,,,,,,,,,,412.6866785167528,,,,,,,,,,,,,,,,,,,,,,,,,,,,,,,,,,357.1472436396556,401.9884186941323,,,,,,,,,,,,,,,,,,,,,,,,,,,,,,,,,,,,,,,,,,,,,,,,,,,,,,,,,,,,,,,,,,,,,,,,,,,,,,,,,,,,,,,,,
2016Q2,2,,,,,,,,525.9960672742548,,795.594397853579,,,,828.5043610289231,,,,,527.0916491977166,586.115932118051,,,570.5798509646148,,,539.992675659138,,864.8974929260086,1535.4188093504138,802.4880108604684,,,565.333436586911,,,506.80461591845886,,617.1037166393895,,1019.3835586432817,,1156.9644311876266,905.548478334464,696.1377962699285,815.1606044521073,,945.4441038140171,1832.0918653284448,1511.271729972385,,,,,,,,,,,,,746.9611141803331,,,,,,,,,,596.5130310337352,,,,,,,,,,,,,,,,,,,,,,,,,,,,,,,,,,,,,,630.69302350967,,,,,,,,,,,,,,,,,,511.5753135435998,,,,,,,524.4619099830273,,,,,,,,,,,544.887078585148,,,,,,,,,,,,,,,,,,,,,,,,,,,,,,,,,,,,,,,,,,643.317897261774,524.3319552603155,,,,,,,,,,,,,,,,,,,,,,,,,,,,,,,,,530.3851300517555,,,,,,,,,,,,,,,,,,,,,,,,,,,,,,,,,,,,,,,,,,,,,,,,,,,,,,,,,,,,,,,,,,,,,,,,,,,,,,,,,,,,,,,,
2016Q2,3,,,,722.1268820616408,,,,,,,,,,,,,,,,,,,,,,,,530.0430397452699,550.8116325048159,,,,,,1008.2416370162139,,,,,,645.0302789327345,,,,,539.7922402744339,1202.8194254979094,911.782789938429,1255.8960160769102,,,,791.8461756570802,881.853560471652,,,,526.9030596424177,,494.26980425334415,,1233.5005769427223,631.1519907238862,548.4706143229968,,,853.9835878057361,,687.5527425416267,532.1862246336113,,613.1897131150068,664.9270847991603,,,,,,,,,,,,,,,,,,,,,,,,,,,,527.2158894136651,,885.7196672262819,,,,,,,,,,540.1057160205352,,,587.1411717833515,,,,,,,,,,,605.6795445609072,,,,,,,,,714.2655612899836,,,,,,,,,,,,,,,,,,,,,,,,,,,,,,,,,,682.329778875983,,,,,,,,,,,,,,,,,,,,,,,,,,,,,,,,,,,,,,,,,,,,,,,,,,,,,540.7461894599377,606.4903347903067,,,,,,,,,,,,,,,,,,,,,,,,,,,,,,,,,,,,,,,,,,,,,,,,,,,,,,,,,,,,,,,,,,,,,,,,,,,,,,,,,,,,,,
2016Q2,4,347.16214978886404,,517.2570076441208,,,374.6937084441355,322.25485538797693,354.20761023675016,507.4528225379328,,358.00197751946,429.6149832978223,,408.1916667878604,,,515.9601436340523,447.68386457015583,315.2929697569823,359.35065338562754,477.55506002130704,,427.0733349261867,555.5333132270241,764.9290254039641,559.7791044948633,414.7108617770956,735.7201374130086,617.7832639220525,712.3579667449978,,,,398.36274767951875,,,317.28077319513443,,,,,,,,,,,,,,,,,,,,,,,,,,,,,,,,,,,,,,,,,,,,,,,,,,,,,,,,,,,,,,,,,,,,,,,,,,,,,,,,,,,,,,,,,,,,,311.9349849263235,321.0716312290976,,336.9577110151987,,,,,,,,,,,,,,,,,,,,,,,,,,,,,,292.50030489584435,,,,451.83014265424686,,,,,,,,,,,,,,,,,,,,,,,,,,,,,,,,,,,,,,,,,,,,,,,,,,,,,,,,,,294.62326621262736,,,,,,,,,,,,,,,,,,,,,,,,,,,,,,,,,,,,,,,,,,,,,,,,,,,,,,,,,,,,,,,,,,,,,,,,,,,,,,,,,,,,,
2016Q3,0,422.797961738935,,668.40206613071,701.6586291733878,,375.9832392418522,,,453.3552511759311,,429.07823007728433,390.39834784600055,,662.3562908963041,,,464.0987601804222,546.4547884079855,384.09629287132714,478.9215065055545,416.2090646436626,462.95943346998996,610.6284563999782,483.63023119162284,799.0716305953428,693.5649956845874,486.97710306080415,935.422631847265,947.1695602136109,657.880413767724,,,,,,,,436.406168111682,,,,,,,,,,482.21109212278236,,,,,,,,,,,,,,,,,,,,,,,,,,,,,,,,,,,,,,,,,,,,,,,,,,,,,,,,,,,,,,,,414.6648448187956,,,,,,,,,,,,,,,,,,,,,,,,,,,,,,,,,,,,,,,,,,,,,,,,,,,,,370.97831438867377,,517.1994086778487,416.53641668686436,,,,,,,,,,,,,,,,,,,372.1697369564633,,,,,,,,,,,,,,,,,,,,,,,,,,,,,,,,,,,,,,,511.9264990248797,,,,,,,,,,,,,,,,,,,,,,,,,,,,,,,,,,,,,,,,,,,,,,,,,,,,,,,,,,,,,,,,,,,,,,,,,,,,,,,,,,,,
2016Q3,1,,,,,,,,388.64058660185685,,584.1683805115055,405.6055684249956,,,708.0697565242118,389.1947674441719,,,,400.31296423506706,,,,,437.96753872085577,,,,757.2470838881148,835.9921395924202,814.5387564780397,451.8531626035551,,,389.1176981921713,,,,441.03468068761435,532.9115209651304,722.9626471080181,,848.9328632344736,,639.9663470255088,568.6177935299385,,453.7192723410272,911.3522386717312,1610.828914757729,,,,1168.736142439675,,,,,,,,,543.4572909157203,,,,,,,,,,404.93694318402817,,,,,505.9532201747975,,,,,,,,,,,,,,,,,,,,,,,,,492.7165739547118,,,,,,,,389.91262584907355,,,,,,,,,,,,,,,,395.11002884805794,,,,,,,,,,,,,,,,,,,,504.1580958844789,,,,,,,,,,,,,,,,387.8525219998316,,,,,,,,,,,,,,,,,,,,,,,,,,,,,,,,,,,,,,,,,,,,,,,,,,,,,,,,,,,,,,,,,,,,,,,,,,,,,,,,,,,,,,,,,,,,,,,,,,,,,,,,,,,,,,,,,,,,,,,,,,,,,,,,,,,,,,,,,,,,,,,,,,,,
2016Q3,2,,,,524.8740763776904,,,,,,,,,,,569.9548170799471,588.5725708422289,,,,,,,,,,,,698.1184064674707,,,,,704.4315240114562,,829.2808297284543,,,,,,,,,,,1446.997699084747,1941.3504230535323,,,,,,650.3473149729641,,,,799.690804443903,,,760.108912693615,696.9502428360702,,,,,,1265.8718809172888,1094.3615311266135,762.0980693391324,601.2154953265912,599.5981356890501,696.1431540801976,1217.3287984447636,,,,,,,,,,,,,,,,,,,711.8587707621142,,,,,,,,,,,,,,,,,,,,,,593.3107160498936,,555.7581176102954,,,,,,,,,,,,,,,,,,,,568.2904914326602,,,,,582.8009175212089,,714.7152176405268,,,,,,594.3304118117182,,,,,,,,,586.6326604094571,,,,,,,,,,,,,,,,,676.1216832304307,,,,,,,,,,,,,,,,,,,,,,,,,,,,,,,,,,,,,,,,,,,,,,,,,,,,536.7092395479896,551.9322610555764,,,,,,,,,,,,,,,,,,,,,,,,,,,,,,,,,,,,,,,,,,,,,,,,,,,,,,,,,,,,,,,,,,,,,,,,,,,,,,,,,,
2016Q3,3,,,,,,,,,,781.3419320454448,517.1045048499732,,,,,,,,,582.4248081557312,,505.7012017329172,534.8112617043053,506.51823631862555,,787.3758513928968,,824.3158058510936,1091.4161189907925,540.8397018347436,,,555.7020860365507,,,514.4024703248465,,,,,585.5435004457568,480.9577436077006,592.4417815343426,,505.3049477527525,,852.8240443387779,1855.5775616799706,1704.4490563685595,,,,498.3056590725889,,,,,,,,,555.208978364273,,,,,,,,,,,,,,,497.70661840484087,,,,,,,,,,,,,,,,,,,,,,,,,,,,,,,,,,,,,463.05546465528585,,472.0288416637454,,,475.5266152649849,,,,,,,,,,,,,,,,,568.0265669180218,,,,,,,,,,,563.7363311262435,,,,,,,,,,,,,,,,,,,,,,,,,436.6664320532432,,,,,,,,,,,,,,,,,,,,,,,,,,,,,,,,,,,,,,,454.23820631655013,,,,,,,,,,,,,,,,,,619.961439668663,,,,,,,,,,,,,,,,,,,,,,,,,,,,,,,,,,,,,,,,,,,,,,,,,,,,,,,,,,,,,,,,,,,,,,,,,,,,,,,,,
2016Q3,4,,,,,,,,,,,,,,,,,,,,,,,,,,,,,562.4788583073441,,,,,,476.43263108179315,,,,,,,,,,,,756.7883304487199,685.8432299490171,623.473553295296,,,,552.4162195576765,501.99305261679353,,481.5363763857191,,699.0339610415629,462.12749890309055,385.83778001380426,456.3209453793845,1068.710406039157,616.553556192824,620.8370293079608,,,710.8243315236472,,413.65034597078966,461.7346030289586,,703.0127639138492,,,,,,,,,,,841.1213641936617,,,,,,,,,,,,,,,671.3788953689162,392.83667525936374,,514.9812671123773,788.3987597138317,1137.7106146102233,,,,,,,,,,,,,,,,,,,,,,,,,,,,,,,,,,,526.5872885772903,,,,,,,,,,,,,,,,,435.84126447238026,,,,,,,,,,,,,,,539.9115813970922,,,,,,,,,,,,,,,,,,,,,,,,,,,,,,,,,,,,,,,,,,,,,,,,,,,,,,471.35909972214773,,,,,,588.6635301167463,,,,,,,,,,,,,,,,,,,,,,,,,,,,,,,,,,,,,,,,,,,,,,,,,,,,,,,,,,,,,,,,,,,,,,,,,,,,,,,,
2016Q4,0,,,,635.2039924552315,,,,,,,,,,,,,,,,,,,,,,,,,,,,,,,771.3141240953656,,,,,,,,,,,752.2988936234835,1396.6881266345845,,1152.222693316646,,,,2120.8925957788147,719.040781562462,,655.9647326360647,782.4524082238547,657.4249929872391,617.5542590701976,604.5269381283545,788.7292312350646,1237.9052373154977,794.2127345381481,807.7447772362601,,,1536.91477358977,,1098.2330273930838,668.2138680440875,637.9990228746312,908.1255456715373,,,,,,,,,,,642.4553958656186,,,,,,,,625.6824530208255,603.8678053471252,,,,,,,,,,,842.1428956429619,,,,,,,,,,650.8150883101866,,,,,,,,,,,,,,,,,,,,,,,,,,,,,,,,,,,,,,,,,,,,,,,,,,,,,,,,,730.2833642949942,,,,,,,629.8899168137702,,,,,,,,,,,,,,,,,,,,,,,,,,,,,,,,,,,,,,,,,,,,,,,732.0810510599756,,,,617.1265483075967,,,,,,,,,,,,,,,,,,,,,,,,,,,,,,,,,,,,,,,,,,,,,,,,,,,,,,,,,,,,,,,,,,,,,,,,,,,,,,,,,,
2016Q4,1,,,,,,,,,,806.2148799149084,550.3559869197906,,,535.4769276263639,600.5630376325529,,,,,518.5380242500141,,670.3573448397974,,,,501.9683129327446,,761.6336911846983,892.9366607062974,758.7132114718481,,545.5964039300565,704.7303647717343,,,691.8079935772263,,516.4879611586347,,740.757486962239,,795.7267447627066,763.683985106234,,944.0898113319713,,793.4763114744347,1838.2525687377504,1896.6350428717408,,,,,,,,,,,,,525.6837296682377,,,,,,,,,,,835.2408444914807,,,,,,,,,,,,,,,,,,,,,,,,,,,,592.4438420502257,603.2756293510713,,,,,,,,,,,,,,,,,,,,,,,,,,,,,,,,,514.0803370363421,,,,,,,,,,,,,,,,802.7261210564802,,,,,,,,,,487.62617840162915,,,,,,,,,,,,,,653.7647995074763,,,,,,,,,,,,,,,,,,,,,,,,,,,,,,,,,,,,,,,,,,,,,,,,,,,,,,533.040329413032,,,,,,,,,,,,,,,,,,,,,,,,,,,,,,,,,,,,,,,,,,,,,,,,,,,,,,,,,,,,,,,,,,,,,,,,,,,,,,,,,
2016Q4,2,417.57248982448937,,407.8867157958587,,440.7665069920437,520.7752708643764,,493.44222659536945,482.29270463542764,,,,349.4701242593292,456.95677602786895,,,510.17309602951843,501.5596860275509,450.77440157310303,481.41922272528905,467.3500980786459,,657.2769347625209,637.5580185992221,830.1323351122215,802.0523752513984,501.39564166958786,963.8248933118655,729.3609586489974,1024.9146417168893,,,,396.1112007742723,,,,,,,,,,,,,,377.67142853222634,451.1167641188674,,,,,,,,,,,,,,,,,,,,,,,,,,,,,,,,,,,,,,,,,,,,,,,,,,,,,,,,,,,,,,,354.7701004814951,,,,,,,,,,,,,,,,,,,,,,401.5117337244763,,,,,,,,,,,,,,,,,,,,,,,,,,,,,,378.2796385249974,,349.7300771198107,,,,,,,,,,,,,,,,,,,,,,,,,,,,,,,,,,,,,,,,,,,,,,,,,,,,,,,,,,,,,,,,,362.2514261421641,383.83363934664555,,,,,,,,,,,,,,,,,,,,,,,,,,,,,,,,,,,,,,,,,,,,,,,,,,,,,,,,,,,,,,,,,,,,,,,,,,,,,,
2016Q4,3,,,,,,,,,,,,,,313.1743556628789,,,,,,,,,,,,,,397.13399162575587,737.1451040842205,,,,,,336.25116240043883,,,314.02733897129684,,,,435.4622823355721,395.8269275268166,374.2393100193579,,662.5862762074373,706.681416695756,662.9033240571075,340.2057689820251,,,,,,,,,,,,329.5283959198148,292.96398200771335,,,,,599.9739980793869,,,,,442.3093202204917,,,,,,337.8823896188324,,,,,463.68345214937364,,,,,,,,,,,280.4039002091018,,,,410.46803379627903,294.4769313238151,306.2922671065418,268.91127669610336,294.4240418703814,426.02907637993457,,,,,,,264.6559199975055,,,,,,,,452.2417246715046,,,,,,,,,282.0399165905279,,,,,,,,,,,,,,,,,,,,,,,,,,,,300.5549146855684,,,,,,,,,,,,,,,,,,,,,,,,,,,,,,,,,306.164952651205,,,,,,,,,,,,,,,,,,,,,,,,,,,,,,,,,,,,,,,,,,,,,,,,,,,,,,,,,,,,,,,,,,,,,,,,,,,,,,,,,,,,,,,,,,,,,,,,,,,,,,,,,,,,,,,,,,,,,,,,,,
2016Q4,4,,,,777.236524889769,,,,,,,,,,,401.42559425659715,547.376126069963,,375.01996581448753,,479.3652873710512,,436.933472199721,360.13395691472726,,,,,585.7390659220059,410.36289459565575,,,,425.57117918368345,,,,,,,,,,,,,570.6517628233585,876.9144647755935,,,,,,,,,,,,,,,,,,,,,708.8324548308691,,,393.2833885498389,352.3848353319586,345.44553867862305,,,,,,,,,420.2285967187682,,,,,,,,,,704.9030578035854,,,,,,,,,,,,,,,,,,,,,,566.9834280318388,,,,,,,,,409.86229236720254,,,,,,,,,,,,,,,,,,796.9390183087592,,556.6239390805157,,,,,,405.8785954281745,,,,,,,,,,,,,,,,,,,,,,,,,,,,,,,,,,,,,,,,,362.69129192125456,,,,,,,,,,,,,,575.5386668885776,,,,,,,782.4727624584774,392.3534829771133,,,,,,,,1368.044581425466,,,,,,,,,,,,,356.13858992498035,357.3037744110336,,,,,,,,,,,,,,,,,,,,,,,,,,,,,,,,,,,,,,,,,,,,,,,,,,,,,,,,,,,,,,,,,,,,,,,,,,,,
2017Q1,0,,,,,,,,,,375.9128675020435,340.8810078609219,,,349.2238652568771,370.26342549814285,,,,,,,,,,,,,502.91560914592117,712.6721253025106,,316.84969160712217,326.7472820385334,,,463.4870093024412,,,371.5856723237501,,,431.76751240442087,378.533447940625,,307.5304988274538,,556.2562293376259,908.75215499774,606.0645896457361,1315.582020401604,,,,,,,,,,,311.57409518514453,305.45399507717093,362.72436349616646,,,,,,,,,,347.46596328794345,,,,,474.61373258244896,,,,,,,,,,316.8106642618086,,304.42539307322403,,,,,,,,,,,,,,,,,,,,,,,,,,,,,,430.2048295799226,,,,,,,,575.386332671129,,,,,,,,,471.41198216728606,,,,,,,,,,,,,,,,,,,,,,,,,,,,,,,,,,,,,,,,,297.22717468276863,,,,,,,,,,,,,,,,,,,,,,,,,,,,,,,,,,,,,,,,,332.0622704114799,,,,,,,,,,,,,,,,,358.8495296647223,,,,,,,,,,,,,,,,,,,,,,,,,,,,,,,,,,,,,,,,,,,,,,,,,,,,,,,,,,,,,,,,,,,,,,,,,,,
2017Q1,1,,,,589.964552256302,,,,635.1143737308626,,1002.3765348859235,555.1543595607878,,,726.5148675237257,759.9589164928954,,613.9047216653748,,698.4614656737768,847.3371390945282,,586.6784351289377,774.4994790739968,900.2169673858534,888.030557324656,944.3124689176415,587.9636128380272,1426.1269416756961,1351.553938982118,1460.0463115284172,,,,552.493182622109,,768.2768767820834,,,,664.9599287159433,,,721.8567245624533,,614.3103589177967,,,1695.0985320109082,1143.5021610122799,,,,,,,,,,,,,,,,,,,,,,,,,,,,,,,,,,,,,,,,,,,,,,,,,,,,,,,,,,,,,,,,,,,,,,,,,,,,,,,,,,,,,,,,,,,,,,,,,,,,,,,,,,,,,,,,,,,,,,,,,,,,,558.0492130605315,,,,,,,,,,,,,,,,,,,,,,,,,,,,,,,,,,,,,,,,,,,,,,,,,,,,,,,,,,,,,,567.1611577347505,681.2356937105844,704.7197887242039,715.1398227972383,,,,,,,,,,,,,,,,,,,,,,,,,,,,,,,,,,,,,,,,,,,,,,,,,,,,,,,,,,,,,,,,,,,,,,,
2017Q1,2,,,,,,,,,,,,,,,,,,,,,,,,,,,,,,,,,,,543.0983188374083,,,,,,394.540813280754,,,,,,616.0437905354994,619.6430819892793,1056.2930069410027,,,443.7183476112367,1984.686061428248,376.8998912420788,,538.6571669706852,552.8449398059244,765.3155900827314,745.4704988122816,464.1087886644948,,1306.7879051995728,787.8996826937938,594.4522282323408,,,1117.2983324510951,,542.6407995312275,418.38857315015764,,617.4772711860468,,401.67724970157235,,,,,,,,,,551.6140135971617,,,,501.6907693694321,,,510.1072151583561,427.2780066502246,,,,,,380.85484399340106,,,,,,,,,,,,,,,443.7690603319816,,,,,,,,,,,,,,,,,,,,,,,,,,,,,,,,,,,,,,,,,,,,,,380.2939973723393,,,,,,,,,,,,,,,,,,,,,,,,,,,,,,,,,,,,,,,,,,,,,,,,,,,,,,,,,489.46434965007546,,,,,,,,1272.900234856043,,,,,,,,,,,,,,,,,,,,,,,,,,,,,,,,,,,,,,,,,,,,,,,,,,,,,,,,,,,,,,,,,,,,,,,,,,,,,,,,,,,,,,
2017Q1,3,,,,,,,,,,,249.94053350347048,,,324.99823877796115,270.59774289209287,,,,,,,,,,,,,,432.5574548901983,,,,,,,,,,,,,,,,,,538.0549272370205,269.59138859618656,271.157939887773,,,,,,,,,,,,,369.376177111511,,,,,545.7064586530273,,,276.0921569437838,,273.1116479845515,,,,,,,,,,,704.8543109145695,,,,,,,,,,,,377.0561927420427,,322.8103099340393,390.66905476164607,417.8560074763427,264.6323881047298,547.2102762780797,582.6493223448032,1166.7594089978625,,,,,,,,,,,,,,,,,264.6132078195406,,,,,,,,335.6252067808284,,,,,,,,,,,,,,,,,,,,,,,,331.64971549560465,,296.46317435776484,336.6547114546783,,,,,,,,,,248.17162795243954,,,,,,,,,,,,,,,,,,,,,,,,,,,,,,,,,,,,,,,,,,,,,,,,,,,,,,,,,,,280.50314750235526,,,,,,,,,,,,,,,,257.55807165587953,287.04874880990883,305.4734354447743,,,,,,,,,,,,,,,,,,,,,,,,,,,,,,,,,,,,,,,,,,,,,,,,,,,,,,,,,,,,,,,,,,,,
2017Q1,4,,,,802.1825430688258,,,,,,,,,,,,565.3926346052682,,,,,,,552.99823186545,,,458.10720061309786,,580.484657577333,797.3732793258209,,,,589.3492408035474,,,,,,,,,,,,,874.7887418753785,1267.6121931490422,,,,,,,,,,,,,,436.63822525480657,,,,,,697.3968566218922,927.8269470644356,644.8996570274975,520.6834527816538,803.8806276208654,791.4583738116601,982.5411583047529,,,,,,,,,517.1203378168419,,,,,,,,,,1007.4893522736074,,,,,,,,,,,,,,,,447.5953650218365,,,,,,668.5555249693474,,460.4867783337109,,,,,,,,,,,,,,,,,,,,,,,,,727.8327545527435,,729.7600304460318,,,,,,,,,,,,,,,457.99231806978855,,,,,,,,,,,,,,,,,480.02209047074234,,,,,,,,,,,,,,,,,,,,,,,,,,,,,,,,,,,,796.4591893932269,,,,,,,,,1440.723197908176,,,,,,,,,,,,,,,,,,,,,,,472.9037750471331,537.614281254618,,,,,,,,,,,,,,,,,,,,,,,,,,,,,,,,,,,,,,,,,,,,,,,,,,,,,,,,,,,,,,,,,,
2017Q2,0,,,,,,,,,,387.4869842394476,226.0161014880045,,,320.730651909308,,,,,218.21047115864002,,,,,,,262.0645713368503,,472.0774093061308,436.5074870456588,514.3862825813746,,,,,,277.8845170911847,,230.728850454867,,485.62088600885653,,306.5176839280499,,263.313771764456,519.178777988396,,266.7628667550056,758.6183594831324,1019.1417084851727,,,,,,,,,,,,,,,,,,,,,,,,,,,,244.211362217063,,,,,,,,,,,,,,,,,,,,,,,,240.2650799784034,,,,,,,,,,,,,,,,,,280.55800727608,,,,,,,220.6256331213544,,,,,,,,,,,,,,,,,,,229.58770167581747,,,,,,,,,,,,,,,,,,,,,,,,,,,,,227.14612529163082,270.7105702907535,,,,,,,,,,,,,,,,,,,,,,,,,,,,,,,,,,,,,,,,,,,,253.67837552189073,,,,,,,,,,205.3950985971521,,,,,,,,,,,,,,,,203.94305774291698,206.9676400317468,215.0709755850154,281.2303580986075,,,,,,,,,,,,,,,,,,,,,,,,,,,,,,,,,,,,,,,,,,,,,,,,,,,,,,,,,,,,,,
2017Q2,1,,,,,,,,,,,,,,,,,,,,,,,,,,,,,216.39049606059837,,,,,,,,,,,,,,,,,,373.9428716823705,177.42793255060582,,211.40674819934347,,,,,,178.0243136940989,,,,,183.06451347653186,194.8014860992818,217.74866668147806,247.81434314675477,,,316.8335148640973,,157.38100816766877,168.9951841443885,,204.61004857021481,,185.21967196783692,,,,,,,,,477.2567877250056,,,,,,,,,,,,227.07659138664192,,164.7918722608756,327.79393674243346,265.7035333321032,207.2326292479251,229.00144981306818,336.9420144516016,557.7509792025802,,,,,,,,,,,,,,,186.24868987461736,,181.94391970091206,,,,,,,,,,,,,,,,,,,,,,,,,,,,,,,,200.72050551745494,153.72113433358948,,165.52467394269945,,,,,,,,,,,,,,,161.95719314152203,,,,,,,,,,,,,,,,,,,,,,,,,,,,,,,,,,,,,,,,,,,,,,,,,,,,,,,,,,,,,,,,,,,,,,,,,171.5844298392048,,,,,,,,,,,,,,,,,,,,,,,,,,,,,,,,,,,,,,,,,,,,,,,,,,,,,,,,,,,,,,,,,,,
2017Q2,2,,,,,,,,,,,,,,,,,,,,,,,,,,,,,,,,,,,,,,,,,,,,,,,559.1300771116569,360.1217194969256,448.83210610658904,,,306.460950143759,944.1684081839342,,,324.61521296599216,368.0055505789756,481.4872388982135,434.25226173957645,336.17100055516016,391.8801027862626,762.4270453955978,448.16633982863897,624.5670024396613,,343.19894509174884,893.1320642616491,,285.3809948796088,356.2264160242932,345.617838144261,449.52958443758166,407.5804393438564,416.33734062417426,,,,,,,,,,302.7696375818558,,,,,,,,286.1327558893071,,,,,,,,,,,,,,,,270.1436244386807,,,,,,,,,,,,,,,,,,,,,,,,,,,,,,,,273.92803976156415,,,,,,,,,,,,,,,,,,,,,,,,,,,,,,,,,,,,355.45441488494816,,,,,,,,,,,,,,,,,,,,,,,,,,,,,,,,,,,,,,,,,,,,,,,,445.8914327832499,,,,,,,,,,,,,,,,,,,473.19550315291985,,,,,,270.51358646295165,,,,,,,,,,,,,,,,,,,,,,,,,,,,,,,,,,,,,,,,,,,,,,,,,,,,,,,,,,,,,
2017Q2,3,,,,782.2335638051479,,,,,,,292.2680458979445,,,,287.7514249480106,350.851198621065,,,,335.8886291819008,,336.55693012872734,299.3252614706104,,,,,422.34113621518094,407.9565288523628,,,,476.5636850388993,,416.5886299753192,,,,,,486.3204412024481,,564.997895658482,,,543.828512881412,906.7680462484753,399.82037631226405,400.69348449914855,,,,,,,,,,,,,,,,,,,,374.2594744249299,,,355.9034477448511,436.55640165336155,,,,,,,,,,,,,,,,,,,651.0705359215367,,,,,,,,,,,,,,,,,,,,,,435.7944202899059,,,,,,,,,350.7355309212364,,,,314.4576167364328,,,,,,,,,387.2857192658662,,,,,392.6243168445024,,344.9176567474913,,,,,,,,,,,,,,,,,,,,,,,,,,,,,,,,,,,,,,,,,,,,,,,,,,,,,,,,,,,,,,,,,,,,583.6086186848395,,,,,,,,,721.239279073101,,,,,,,,,,,,,,,,,288.9582723693135,,,,,,,,,,,,,,,,,,,,,,,,,,,,,,,,,,,,,,,,,,,,,,,,,,,,,,,,,,,,,,,,,,,,,,,,,
2017Q2,4,,,335.346350245138,,,,,262.65567033647545,,345.6653593708496,268.0492137142876,,263.7100506557092,441.968828396139,,,285.7664491204791,271.31061963032687,315.2159293561651,360.21403620918494,268.9678778818961,249.06842410097047,345.1045614489202,424.3351530419561,492.59633114623745,478.8208444373202,,555.3984609734543,649.4734600666213,587.548459989379,,,,243.08555124475188,,248.2137457226296,,249.84320595696045,253.97165274118416,265.1498531365695,,268.9910714789405,281.08653488275877,,,,,431.01161215692997,280.05398277042735,,,,,,,,,,,,,,,,,,,,,,,,,,,,,,,,,,,,,,,,,,,,,,,,,,,,,,,,,,,,,,,,,,,,,,,,,,,,,,,,,,,,,,280.49581348971674,,,,,,,,,,,,,,,,,,,,,,,,,,,,,,,,,,,,,,,,,,,,,,,,,,,,,,,,,,,,,,,,,,,,,,,,,,,,,,,,,,,,,,,,,,,,,,,,,279.13342254768895,,,,,,,,,,,,,,,,,,,,,,,,,,,,,,,,,,,,,,,,,,,,,,,,,,,,,,,,,,,,,,,,,,,,,,,,,,,,,,
2017Q3,0,,,,,,,,,,,,,,,,,,,,,,,,,,,,708.109223770066,838.8778208138789,,,,,,929.3154561786722,,,,,,,,,,,1109.4700695946076,2580.324662210716,952.5024157580611,1057.3068293135623,,,,1242.1070227559867,,,738.3339711921569,740.7094182133422,679.1949640499421,,719.3347597232985,950.8705036274956,1217.368407250749,701.7144726936382,1048.378074167353,,,1584.4242137731915,842.4417900600719,1128.772946866578,887.147511483807,880.2968117644376,1248.5650518510927,1245.036659310799,,,,,,,,,,857.9129889291696,,,,,,,,,,,,,,,930.5779181184162,,,743.1291340325901,734.3710604706213,1106.5699620503108,,,,,,,,,,,,,,,,,,,,,,,,,,,,,,,,,,,,,,,,,,,,,,,,,,,,,,,,,,,,,,,,,,,,,,,,759.0639528795749,,,,,,,,,,,,,,,,,,,,,,,,,,,,,,,,,,,,,,,,,,,,,,,,,,,,,,,,,,,,,,,,,,,,939.7899462969517,,,,,,,,,,,,,,,,,,,,,,,,,,,,,,,,,,,,,,,,,,,,,,,,,,,,,,,,,,,,,,,,,,,
2017Q3,1,,,,,,,,752.2935301724543,,969.6641930585884,650.6845997900101,,,1028.6524560990892,,,677.9040779129022,665.8070682258268,763.3903688860858,943.1172490339546,,626.4305227319976,901.2168374767508,1120.6966043635548,1075.3495237776615,939.7957628433683,,1360.7884193486245,1649.310438237098,1472.4230968468473,,,,585.9477529964912,,779.2246526170061,668.688381044622,629.1086951459799,,821.9187136570903,,746.6662313637196,,633.1305231271731,754.8079844503397,,,1698.7029218415466,1370.1751948347548,,,,,,,,,,,,,,,,,,,,,,,,,,,,,,,,,,,,,,,,,,,,,,,,,,,,,,,,,,,,,,,,,,,,,,,,,,,,,,,,580.5615440817076,,,,,,,,,,,,,,,,,,,,,,,,,,,,,,,,,,,,,,,,,,,,,,,,,,,,,,,,,,,642.9084584653547,,,,,,,,,,,,,,,,,,,,,,,,,,,,,,,,,,,,,,,,,598.2707842149302,,,,,,,,,,,,,,,,,,,,,653.2357962980585,,,,,,,,,,,,,,,,,,,,,,,,,,,,,,,,,,,,,,,,,,,,,,,,,,,,,,,,,,,,
2017Q3,2,,,,460.8224227732438,,,203.7413396898688,,,,130.6228251605682,,,,,,,,,,,164.61551494062758,,,,166.63619706050503,,157.57329953951987,170.36785127537573,,,,,,,,,,,,137.02632460939193,221.09805190743074,110.99183650969951,,,128.84048448402822,127.65631721959828,298.35932769454706,328.87594451457534,,,,,,,,,,,,,384.2323034281363,,,,,,,,,,,,,,,,,,,,,,,,,,,,,,128.70731298756604,,,,,,,,,,,,,,,,,,,148.94794780361187,120.27596464334131,,,135.13273400581414,,,,,,,,,,,,,,,,177.72426666989577,146.9036656517106,,,,,,,,,,,,,,,,,,,,,,,,,,129.9835552203113,,,,,,,,,,,,,,,,,,,,,,,,,,,110.96426398447936,,,,,,,,,,,,,,,,,,,,,,,,,,,,,,,,,,,,,,,,,,,,,,,,,,146.0251177690198,,,,111.1227438249639,,,,,,,,,,,,117.2368514197004,118.07777484881441,126.70001448144235,141.29911669035874,163.93548266490635,,,,,,,,,,,,,,,,,,,,,,,,,,,,,,,,,,,,,,,,,,,,,,,,,,,,,,,
2017Q3,3,,,,708.9548272236669,,,,,,,,,,,291.9175329514048,377.9926317813553,,,,242.81940475143614,,278.23962536455326,,,,,,291.2724471444399,349.49729106967294,,,,,,255.6306391344085,,,,,,231.84521450305925,,257.0805247956096,,,,246.99689846111147,347.2034366725836,264.73401376445554,,,,,,,,,,,,,217.8578254997278,,,,,302.62833276579954,,,,,241.2566467730687,,,,,,,,,,,,,,,,,,,,369.705990222653,,,,,,,,,,,,,,285.54819775206846,,,,,,,,255.4192870488941,,215.20787650646105,,,,,,,289.2874218728023,,,,,,,,,,,,,,,,,,267.4241212288957,,,,,,,,,,,,,,,,,,,,,,,,,,,,,,,,,,,,,,,,,,,262.69293791993215,,,,,,,,,,,,,,,,,,,,,,,,,,,371.4721302840526,,,,,,,,,576.8260084808612,,,,,,,,,,,,,,280.54642495167496,,,,,,,,,,,,,,,,,,,,,,235.8984119511252,251.86659545275265,353.8957518045997,410.0463574980635,,,,,,,,,,,,,,,,,,,,,,,,,,,,,,,,,,,,,,,,,,,,,,,,,,,
2017Q3,4,,,,,,,,,,,,,,,,,,,,,,,,,,302.5131482799973,,,,,,,,,,,,,,,155.46028753783847,,,,,,162.77437730265893,342.231898033033,729.9080175724208,,,,154.38566729139052,131.25500629362983,,,,,,,,173.37606861850205,,,,,,,,,,,,,,,265.34775476353224,,130.98551441315087,188.58917949838317,,,,,,,306.6351120081725,,,,,,170.2892175735469,,,,,,,,,,,,,,,,,,,,245.47786031652277,,,177.27959769820498,,,311.208886910125,,,,,,,,,,,,,,,,,261.7074693821118,,,,,,,,160.5417872909568,248.56766363984,,393.9823270473878,,,,,,,,,,,,,,,,,,,,,,,237.54278628400326,,139.3713076162403,,,,,,,,,,,,,,,,,,,,,,,,,,,,,,,,,,,,,,,,,,,,,,,,,,,203.8955438435326,,,,,,,,,,,,,,,,,,,,,,,,,,,,,,,,,,,,,126.2587776113761,126.86395375956783,144.4325630497994,156.56621819424794,188.88956644371564,203.80939157082906,375.9510856348227,,,,,,,,,,,,,,,,,,,,,,,,,,,,,,,,,,,,,,,,,,,,
2017Q4,0,,,,,,,,,,,,,,,,,,,,,,,,,,,,615.1524489281172,626.9929037351471,,,,,,645.2868934253925,,,,,,,,,,,645.7591478060473,2046.1757797649143,,,,,,911.2702555251259,606.1205117920251,,689.8635710964131,840.2331888640749,575.8795599314756,,,765.359479970612,897.024021079608,646.6180020537394,824.2042685596792,,,1710.2164461260359,896.229336906339,745.1702463109259,761.2477533857184,761.9851888542345,1089.1176926638348,817.9752832491849,,,,,,,,,,953.7431236171967,591.7968554699127,,,,,,,,,,,580.043215309486,,,1016.1450798823731,604.0984417932608,782.0737694223823,599.3135760117605,,1190.0720390365304,,,,,,,,,,,,,,,,,,,,,,,,,,,,,,,,,,,,,,,,,,,,,,,,,,,,,,,,,,,,,,,,,,,,,,,,,,,,,,,,,,,,,,,,,,,,,,,,,,,,,,,,,,,,,,,,,,,,,,,,,,,,,,,,,,,,,,,,,,,,576.9145875246579,,,,,,,,,,,,,,,,,,,,,,,,,,,,,,,,,,,,,,,,,,,,,,,,,,,,,,,,,,,,,,,,,,,
2017Q4,1,,,,,,,,,,572.8275046072763,438.13211156187833,,,676.5944165664955,,,,,,,,,,,,,,672.8339938190642,878.788458904635,800.5560839920362,431.38823020811054,,,,,565.382746492698,,446.3172862379461,460.63690478434745,831.9304474423861,,940.5185142974665,440.44299764898756,803.3854049681632,711.8881776304779,672.3675329980432,486.56397150254884,1481.7769254772718,1382.7801833196286,,,,,,,,,,,,,550.6050914896038,,,,,,,,,,391.1504941336422,,,,,,,,,,,,,,,,,,,,,,,,,,,,,,481.4021326633739,,,,,,,,474.29383160593943,,,,,,,,,,,,,,,,386.24632386745196,,,,,,,,,,,,,,,,,,,562.4459010250281,440.1893522773706,,,,,506.120156868116,,,,,,,,,,,,,,,,,,,,,,,,577.8635961248112,,,,,,,,,,,,,,,,,,,,,,,,,,,,,,,,,,,,,,,,,,,,,,,,,,,,,,,,,,,,,,,,,,,,,,,,,,,477.27506622608814,,,,,,,,,,,,,,,,,403.40588275935204,,,,,,,,,,,,,,,,,,,,,,,,,,,,,,,,,,,,,,,,,,,
2017Q4,2,350.8918602092773,,,,336.107552890412,,,398.2356847217044,386.0140885587589,,444.73366198061933,,,368.63298748058065,,,351.84378574343356,430.08559744728564,,,,,461.10811576938687,376.9822465712123,690.6878043748236,563.4170440435685,,775.4511990963986,1052.8938668351182,565.3374068965487,,,,,,,402.26701616860004,,,,,,,,,,323.46112213482127,664.2376069574551,1392.6345597246175,,,,1199.9860668532933,,,,,,,,,814.003920874858,,,,,468.42177023505866,,,,,,,,,,379.39006589752074,588.414997073837,,404.248721293183,,,,,,,462.57884653008716,,,,,,,,,,,,,,,,,,,,,,,,,,,,,,,,,,,,,,,,,,,,,,,377.40159744562357,,,,,,,,,,,,,,,,,,,408.0321224313893,,,,,,,,,,,,,,,,,,,,,,,,,,,,,,,,,,,413.8382120927315,,,,,,,,,,,,,,,,,,,,,,,,,,,,,,,,,,,,,,,,,,,321.50893329790557,,,,,,,,,,,,,,,,,,,,,,,,,,,,,,,,,,,,,,,,,,,,,,,,,,,,,,,,,,,,,,,,,,,,,,,,,,,,,,,
2017Q4,3,,,,,,,,,,,,,,,152.1465208109891,,,,,143.4755012698409,,,186.33406629068108,,,138.4385167937778,,205.48383999881082,152.4330397601273,,,,,,,,,,,,,123.81632625900446,,,,,206.46510398376736,148.19947442777686,,,,,,,,,,,,,241.9688825796569,,,140.19565552216844,,146.55292171870178,145.4830557988063,136.1549429898518,280.3191151866307,190.65195290341265,133.98252615763735,228.30738975477286,318.4988323712849,,,,,,,,,,,,,,,,,159.52922532448443,,,,,,,,,,,,,,,,,,,,,,,,,,,,,,,,,,,,,,,,,,,,,132.53862704309014,,,,,,,,,,,,,,,,,,,,,,,,,,,,,,,,,,,,,,,,,,,,,,,,,,,,,,122.63044126978298,,,,,,,,,,,,,,,,,,,,,,,,,,,,,,,,,,,,,,,,,,,,,,,,,,,,,,141.46828976736782,183.85016689046628,,,,,,,,,,,,,,,,,,,,,,,,121.9328151571779,121.93687667296325,132.20488226798358,135.15201121635565,138.02793037626205,153.8220847646003,,,,,,,,,,,,,,,,,,,,,,,,,,,,,,,,,,,,,
2017Q4,4,,,,902.981197319298,,,,,,514.8101052026918,348.77261925797785,,,,372.54060295738896,,,,,646.5651734294248,,617.3278422323498,,,,,,543.0785181573737,643.8917307647381,402.08903950497717,,,635.0484862677969,,348.45720160987014,,,,,525.9161177105282,705.4344374220747,451.4036062936507,606.2488193168342,,423.3840108574981,467.7171027598683,700.33402261372,827.2820678666202,547.5306348510973,,,,,,,,,,,,,,,,,,,,,,,,,,,,,,,,,,,,,,,,,,,664.2453112773142,,,,,,,,,,,,,,,,,,,,,,491.4138704641567,387.70986497555634,,,,,,,,395.7553069533555,,,,,,,,,,,,,,,,,,,,383.0584294794953,,,,,,,,,,,,,,,,,396.81954809729746,,,,,,,,,,,,,,,,,,,,,,,,,,,,,,,,,,,,,,,,,,,,,,,,,,,455.4710241827619,,,,,,,,,467.73729622035995,,,,,,,,,,,,,,,,,,,,,,,,,,,,,,,,,,,,,,,,,,,,,,,,,,,,,,423.5542016647761,438.317950378079,,,,,,,,,,,,,,,,,,,,,,,,,,,,,,,,,,,
2018Q1,0,,,,,,,,,,,,,,440.1049285723754,519.2658164140362,,,,,,,,,,,,,521.7175796505437,697.4273914036775,,428.60823517899223,,,,,,,,,,422.9698191239859,460.38757017305056,,,,512.7516789122495,878.5479803592065,707.2522726224865,1257.6132186202108,,,,495.21420362266525,,,,,,,,,606.6415132357321,,,,,711.979352801461,460.99421233101964,,,,483.25933250676303,,,,,498.6657875175084,,,,,,531.8422966657465,,,,497.0533574076143,,,,,,,,473.9361493591144,,,688.7899012199276,539.0653544170673,589.7837415462465,655.8168148938505,531.4729456783595,554.8927235036924,,,,,,,,,,,,,,,,468.1396107001502,,,,,421.3820808069621,,,,,,,,,,,,419.28643574494805,,,,,,,,,,,,,,,,,,,,,,,,,,,,,,,,,,,,,,,,,,,,,,,,,,,,,,,,,,,,,,,,,,,,,,,,,,,,,,,,,,,,,,,,,,,,,,,,,,,,,,,,,,,,633.9593269047267,,,,,,,,,,,,,,,,,,,,,,,,,,,,,,,,,,,,,,,,,,,,,,,,,,,,,,,,,,,,,,,,,,
2018Q1,1,208.18513123364303,,,,196.919352395632,,,224.97612277059247,,,271.8537409890623,,,307.56865541094805,,,,261.50902350503577,,247.84228976298817,,,331.61808485502934,,315.38062346015545,202.7089341610696,207.75281586819972,468.3829356897228,629.8252949151569,264.60444311462,,,,,,,336.50787582386243,,,,,214.958820167926,255.9219512472014,,,,,,205.28772719953304,,,,,,,,,,,,,276.03886296337134,,,,,,,,,,188.7865987535191,,,,,,233.10130955273095,,,,,,,,,,,,,,,,,,,,,,,,,,,,,201.4117450135534,,,,,,,,,,,,,,,,,,,,,,,,,,248.74941173557494,210.30625003582247,,,,,,,,,,,,,,,,,,,,,,,,,,,,,,,197.65165715483127,,,,,,,,,,,,,,,,,,,,,,201.89852038956323,421.2266182123141,188.49718773171438,,,,,,,,,,,,,,,,,,,,,,,,,,,,,,,,,,,,,,,,,,,,,,,,,,,,,,,,,,,,,,,,,,,,,,188.0263254249405,,,,,,,,,,,,,,,,,203.75517516314264,,,,,,,,,,,,,,,,,,,,,,,,,,,,,,,,,,
2018Q1,2,,,,,,,,,,,,,,,,,,,,,,,,,,,,,,,,,,,749.4931367180418,,,,,,,,,,,,1687.190658532071,544.9572715463532,576.8257733605981,,,550.9524076879107,1424.9034559201443,583.2753793229375,,573.8918639974104,811.8970841207936,672.7074926114627,593.233179845568,,557.0574152010116,1143.4072165489138,797.1992441631407,791.2853102599064,,,1238.5376830173107,579.3098429758088,920.6276048327792,792.060454669508,758.6674309695546,936.943891319108,710.4177103465966,,,,,,,,,,535.9768469597499,600.074967920115,,,,,,,,506.5447945493359,,,,,,,,,,,917.1922906310573,,,,,,,,,,,,,,,,,,,,,,,,,,,,,,,,,500.2627650917643,,,,,,,,,,,,,,,,,,,,,,,,,,,,,,,,,,607.3266380303568,,,,,,,,,,,,,,,,,,,,,,,,,,,,,,,,,,,,,,,,,,,,,,,,,,,,,,,,,,,,,,,,,,,,,,,,,1084.4697161648717,,,,,,,,,,,,,,,,,,,,,,,,,,,553.7209439851499,,,,,,,,,,,,,,,,,,,,,,,,,,,,,,,,,,,,,,,,
2018Q1,3,,,,868.539738925665,,,,474.9203398936779,,602.2145305137967,504.5240016614357,,,519.9881177780405,545.210579516342,,,,,657.684314649906,,661.9192112617885,499.49830770869863,563.1317641852753,559.9740140997291,642.5627000463638,,705.2459285978601,999.993391644545,626.6234632857564,488.68732118679924,,699.9783081306517,,,522.0093377769027,,,,774.2015359478445,,,585.1338661214837,,765.1002030328928,478.6181965139827,612.2053161790172,1631.5342369652024,1558.180751834281,,,,,,,,,,,,,,,,,,,,,,,,700.6291479522894,,,,,,,,,,,,,,,,,,,897.0903184405275,,,,,,,,,,,,,,,,,,,,,,575.9243322811716,,,,,,,,,,,,,,,,,,,,,,,,,,,,,551.6203924586024,,,,,,,,,,,,,,,,,,,,,,,,,,,,,,,,,,,,,,,,,,,,,,,,,,,,,,,,,,,,,,,,,,,,,,,,,,,,,,,,,,,,,,,,,,,,,,,,,,,,,,,,,,,474.1363718386126,,,,,,,,,,,,,,,,,,,,,,,,,,,,,,,,,,,,,,,,,,,,,,,,,,,,,,,,,,,,
2018Q1,4,,,,,,,,,,223.84901395362772,255.04288260336654,,175.85313384215777,207.03732125628855,,,,189.72295329530033,,,,,208.84669715273182,201.82444542995734,,240.88317493393467,,384.36411196207797,472.73471411108045,339.9507624247826,,202.20611367151287,,198.98021682668207,,203.62879879217556,,246.9152681021075,205.9124359271571,,,248.705185412469,,220.84027836709066,266.7493879718309,,325.553601513084,419.6940136878807,380.09252898515325,,,,,,,,,,,,,218.8651096319276,,,,,,,,,,183.3589062849121,,,,,,,,,,,,,,,,,,,,,,,,,,,,,,,,,,,,,,173.93445837446947,,,,,,,,,,,,,,177.65457126183657,,,,,,,,,,,,,,,,,,,,,,,,,,,,,,,,,,,,,,,,,,,,,,,,,,,,,,,,,,,,,,,,,,,,,,,,,,,,,,,,,,,,,,,,,,,,,,,,,,,,,,,,,,,,,,,,177.58387454278852,,,,,,,,,,,,,,,,,,,,,,,,,,,,,,,,,,,,,,,,,180.2668953289549,209.95824365819033,211.30716165446688,,,,,,,,,,,,,,,,,,,,,,,,,,,,,,,
2018Q2,0,,,,,,,,,,281.10989392457435,243.11935941025746,,,351.4896019341653,,,,,,,,,294.5682728905188,,233.37061803873408,261.1158816271115,,500.240192423181,503.57133639209246,261.2221869979204,347.5683677406962,253.8516598098878,,,,,,261.9218409875191,,290.53176936877276,,469.48342799225475,257.554492498424,473.55210002690643,,541.136985521623,550.7993023424553,688.511129747808,941.5320258192879,,,,300.4649779168153,,,,,,,,,296.1596445909065,,,,,236.01768307712453,,,,,305.17126690612093,,,,,,426.54357675827373,,,,,,,,,423.29419154494235,,,,,,,,,,,,,,,,,,,,,,,244.85806980876993,,,,,,,,,,,,,,,,,,,,,,,,,,,,,,,,,,,,,,,,,,,,,,,,,,,,,,,,,,,,,,,,,,,,,,,,,,,,,,442.4164558909494,,,,,,,,,,,,,,,,,,,,,,,,,,,,,,,,,,,,,,,,,,,,,,,355.859976981889,,,,,,,,,,,,,,,302.78105916597326,,,,,,,,,,,,,,,,,,,,,,,,,,,,,,,,,,,,,,,,,,,,,,,,,,,,,,,,,,,,
2018Q2,1,,,,635.0300146005375,,,,,,,,,,,,,,,,,,,,,,,,,566.0106580040342,,,,,,521.0033922715266,,,,,,,,,,,,1487.6925423107878,,,,,534.3783273867385,1154.795106328342,,,506.95162769748083,596.0291907834279,586.0484088295897,563.6630393615999,,663.7938178062751,919.9423853427732,687.9293600031796,979.2686624787027,,493.3474140694593,1570.3406747473741,562.526831333569,614.3422199249492,741.6788772063873,718.3577869933957,931.5484800966136,723.9029568255502,477.844102008708,,,,,,,,,830.0480557357154,546.4534084118573,,,,,,,,655.5671853647824,,,,,,670.0708067553338,,,,519.3947564374621,1031.5270749098622,,,,,,,,,,,,,,,,,,,,,,,,,,,,,,,,,,,,,,,,,,,,,,,,,,,,,,,,,,,,,,,,,,,,,,,,,,,,,,,,,,,,,,,,,,,,,,,,,,,,,,,,,,,,,,,,,,,,,,,,,,,,,,,,,,,,,,,,,,,,,,,,,,,,,,,,,,,,,,,,,,,,,,,698.3290193922292,,,,,,,,,,,,,,,,,,,,,,,,,,,,,,,,,,,,,,,,
2018Q2,2,289.83314251731457,,345.16818333584166,,,285.41953715782245,,333.3100866225074,366.06777157115454,278.4593847879169,300.05077151711424,,,370.2689446007192,,,424.53643792296316,329.9776706259052,331.0062550884914,420.7108914466005,,,417.1977498783276,404.18659878220507,632.9530306647209,481.9375036975372,324.08063169711244,639.1522397442773,606.6015206604266,650.6914209895891,,,,330.2776386949957,,,329.33677946756643,,,,,,,,,,,,287.57670286851794,,,,,,,,,,,,,,,,,,,,,,,,,,,,,,,,,,,,,,,,,,,,,,,,,,,,,,,,,,,,,,,,,,,,,,,,,,,,,,,,263.0885837829403,,,,,317.4256006852902,,,,,,,,,,,,,,,,,,,,,,,,,,,,,,,,,,,,,,,,,,,,,,,,,,,291.63374728469637,,,,,,,,,,,,,,,,,,,,,,,,,,305.9698444459755,251.9056751310209,,,,,,,,400.57506903581236,,,,,,,,,,,,,,,,,,,,,,,,,,,,,,,,,,,,,,,256.0886532246702,,,,,,,,,,,,,,,,,,,,,,,,,,,,,,,,,,,,,,,,,,,,,,,,,,,
2018Q2,3,,534.1980210652067,,886.2151504198059,,,,,,682.773923219375,462.0130269358871,,,557.7919780471744,635.8814338269401,,,,,673.9147595248447,,754.2443006974839,,635.4525220582728,,511.57050897246006,,601.8362430590805,974.6691910563055,943.1730188622092,455.05510732343623,,558.0282148142068,,,570.8615050845627,,476.1084777277313,,831.5016042967696,,548.6683922438503,619.5016599362222,,765.8423923145039,,,1321.9890839146785,1204.0280001416406,,,,,,,,,,,,,,,,,,,,,,,,467.3336382333948,,,,,,,,,,,,,,,,,,,960.4357475041058,,,,,,,,,476.3145567993198,,,,,,,,,742.4534429456537,,,,494.89079860968974,,,,,,,,,,,,,,,,,,,,,,,,,,,,,492.15419030667294,,,,,,,,,,,,,,,,,,,,,,,,,,,,,,,,,,,,,,,,,,,,,,,,,,,,,,,,,,,,,,,,,,,,,,,,,,,,,,,,,,,,,,,,,,,,,,,,,,,,,,,,,,,,,,,,,,,,,,,,465.1060317277975,,,,,,,,,,,,,,,,,,,,,,,,,,,,,,,,,,,,,,,,,,,,,,,
2018Q2,4,,,,,,,,,,,332.99755647762004,,,,,,,,,,,,,,,,,383.54433339597773,561.1472938869166,,303.03916459912705,,,,424.0746252237773,,,,,,485.61604582843734,402.51446296038455,353.45998132874627,,,422.84672869815176,854.3664730983419,662.880216330811,1251.2478636299347,,,,400.3368913388634,293.61791409131456,,,,,,,,469.3541502382737,,,,,302.4746221213347,,346.918983271428,,,,,,,,318.06907712968393,,368.2079682518907,482.9551039154136,,,,,,,,,,,,,300.47335494729737,,,,,445.6545780888538,,421.4792820182481,381.58218932467554,,,,,,,,,,,,,,,,,,,,,,,,,,386.1302780768431,,,,,,,,,525.5815547498909,,,,,,,,448.35076030053557,299.65586995580577,,,,,,,,,,,,,,,,,,,,,,,,,,,,,,,,343.1197236779874,,,,,,,,,,,,,,,,,,,,,,,,,,,,,,,,,,,,,,,,,312.2384985098864,,,,,,,,,,,,,,,,,,,,,,,,,,,,,,,,,,,,,,,,,,,,,,,,,,,,,,,,,,,,,,,,,,,,,,,,,,,,,,,,,,,,,,,,,,,,
2018Q3,0,,,,852.7842924865505,,,,,,,,,,,,,,,,,,,,,,,,382.4560900750588,419.8604410682231,,,,,,434.0843024424991,,,,,,,,,,,650.3176032220998,1375.9215911790318,,,,,,414.05153516631526,,,426.6826554189057,435.67366008711673,,,414.9822466818427,605.4031807209377,,,549.2259736768483,,392.08362662429147,1105.4425857328615,567.6470453001197,618.7730606379411,509.87611082232235,641.502154222326,712.0420079803332,756.4154842090268,,,,,,,,,,638.2147835444752,475.0849249369364,,,,,,,,951.8265372118973,,,,,,598.7523034984614,,,396.40234796335693,,976.9917074973331,,,,,,,,,,,,,,,,,,,,,,,,,,,,,,,,,,386.85755415043275,,,,,,402.08293251448237,,,,,,,,,,,,,,,,,,,,,,,,,,,,,,,,,,,,,,,,,,,,,,,,,,,,,,,,,,,,,,,,,,,,,,,,,,,,,,,,,,,,,,,,,,,,,,,,,,,,,,,,,,,,,,,,,,,,,,,,,,,,,,,,,,,,,,,,,431.99284341268964,477.1776031626848,,,,,,,,,,,,,,,,,,,,,,,,,,,,,
2018Q3,1,,162.57557244859944,,,,,,,,176.0078526135681,207.1154483832819,,,257.7025608102753,164.05249949283612,,,,,,,,,,,,,176.85420345815587,352.7333352900109,178.83722575091508,166.2736559019707,145.4737593284077,183.53508964150336,,,,,195.86527348044717,,240.16075565170436,200.31708952875607,292.9471284896147,145.24576843671142,,245.94998146720914,265.71953665894205,210.10414693897496,246.9886826680119,181.59414610083306,,,,,,,,,,,,,,,,,,,,,,,,,,,,,,,,,,,,,,,,,,,138.94172230109973,,,,,,,,,,177.36853002204694,,,,,,,,168.05996727428288,,,,,,,,,,,,,,,,,,,,,,,,,,,,,,,,,,,,233.74177740411062,,,,,177.75375734158848,,,,,,,,,,,,,,,,,,,,,,,,160.22886215262963,,,,,,,,,,,,,,,,,,,,,,,,,,,,,,,,,,,,,,,,,,,,,,,,,,,185.46463857477787,,,,,,,,,,,,,,,,,,,,,,,,158.94013765065688,,,,,,,,,,,,,,,,,,,,,,,,188.68060317811418,,,,,,,,,,,,,,,,,,,,,,,,,,,,,,,,,,,,
2018Q3,2,,,,281.4761492735347,,,,,,,,,,,,,,,,,,,,,,,,,412.7040202752871,,,,,,423.18643746225627,,,,,,316.2844916877393,,,,,,812.9394447877983,466.44603463954905,885.6149083902046,,,,1093.8243238811112,435.2800598526013,,325.09817026821423,,315.591298040755,,,,667.1843648599732,326.95121887293703,,,,387.4682205039548,,357.8879464685227,,,343.61409573773585,,,,,,461.5348940874871,368.3607298299204,341.92996818290953,,,,329.5542830118687,,,499.39668067770265,,,,,,,,,,,,,,,,338.3539134714033,,,,,,,,,,,,,,,,,,,,,,,,309.2008454114101,,,,,,,,,492.3086036228114,,,,,,,,326.0119214876994,311.88911128535494,,,,,,,,,,284.2848412565672,,,,,,,,,,,,,,,331.49797029518254,,,,,,,332.22868007629074,,,,,,,,,,,,,,,,,,,,,,,,,,,,,,,,,,,,,,,,,,,,,,,,,,,,,,,,,,,,,,,,,,,,,,,,,,,,,,,,,,,,,,,,,,,,,,,,,,,,,,,,,284.4428983378189,,,,,,,,,,,,,,,,,,,,,,,,,,,,
2018Q3,3,,,,172.09398278060297,,,,,,,103.26023165063972,,,,,,,,,153.78007067009426,,191.59828392996198,,,,344.4440241839029,,125.40324447239689,100.857424740235,,,,,,,,,,,,,,120.2704296073648,,,,107.73433383419302,360.8348342656702,408.87066234394797,,,,,,,,,,,,,,,,,,,,,,,,,,,,188.80965059505354,,,,,,,,,,,,,,,306.23130146385046,,,,,,,,,,,,,,,,,,,,,,160.30535067313983,,,,,325.3762340129287,,,,,,,,,,,,,105.98583744303023,,,,119.834378781926,,,,,,,96.39590221910102,,99.09945626059134,,275.740595290408,,,,,,,,,,,,,109.30503956420739,,,,,,,,,,,,,,,,,,,,,,,,,,,,,,,,,,,,,,,,,,,,,,,,,,,,,,,,,,,,,,,103.51593515846037,,,,,,,,,,,,,,,,,,,,,,,,,,,,,,,,,,,,,,,,,95.77225914528867,203.6780370676474,301.9681531729815,,,,,,,,250.57614897311814,,,,,,,,,93.82187811764086,96.12499954036213,106.31271493733368,120.75137947995624,,,,,,,,,,,,,,,,,,,,,,,,
2018Q3,4,,,,,,,,514.2312484121337,,801.6737864182624,589.104548664765,,,888.9085450056344,,,493.12593888881077,,516.64682109911,712.8864760733521,,,577.6647217097197,749.7424908250081,755.6272942389256,656.5780321858967,,1083.023246521562,1099.8447786260667,1109.5919513414835,540.9954316203039,,,,,660.9325580751699,474.51983156468253,460.3467792655591,,858.7926991144079,,683.9134358706757,538.9067016839293,490.5057542308594,487.0879864031042,,649.3004832598234,1296.9681793509317,1291.3676130248962,,,,,,,,,,,,,487.5442590056373,,,,,,,,,,,,,,,,,,,,,,,,,,,,,,,,,,,,,,,,,,,,,,,,,,,,,,,,,,,,,,,,,,,548.0014492568372,,585.5444678120803,,,,,,,,,,,,,,,,,,,,,,,,,,,,,,,,,,,,,,,,,,,,,,,,,,,,,,,,,,,,,,,,,,,,,,,,,,,,,,,,,,,,,,,,,,,,,,,,,,,,,,,,,,,,,,,,,,,,,,,465.5871873452184,,,,,,,,,,,,,,,,,,,,,,,,,,,,,,,,,,,,,,,,,,,,,,,,,,,,,,,,,,,,
2018Q4,0,,,,1236.785583273036,,,414.34354850961375,,,,,,,,,,,,,,,,,,,,,441.48230543435983,437.6359848395721,,,,456.9469003354086,,,,,,,,,,,,,,1423.013856926119,,,,,,,,,415.48760122236223,476.01123030769196,,,,507.0414494995837,,,,,,831.5614316585393,,371.0370914386417,457.168517892688,389.0418453662694,419.9087654063372,517.9562297270877,,,,,,,,,455.71000946176605,601.7524254081187,424.71761972053076,,,,,,,,1204.6059720039923,,,,,,438.06191968415163,,398.9376675914224,482.36001702009156,,552.5522612329728,,,,,,,,,,,430.5899560402106,,,,,,,,,,,,,,,,,,,,,,384.5911696810904,,,,,,,394.60466844760685,,,,,,,,,,,,,,,,,,,,,,,,,,,,,,,,,,,,,,,,,,,,,,,,,,,,,,,,,,,,,,,,,,,,396.70748448551507,,,,,,,,,388.7493527103085,,,,,,,413.41438914574235,,,,,,,,,,,,,,,,,,,,,,,,,,,,,,,,,,,,,,,,,,,,420.08236172456355,,,,,,,,,,,,,,,,,,,,,,,,,,,,,,,,,,,,,,,
2018Q4,1,,,,,,,,,,158.3706799860631,,,,248.32624503703119,,,,,,,,163.39558214988088,,,,162.3503388689773,,266.6133617019372,244.1718587404603,175.7702185476426,159.37041544845758,,156.06186960367862,,157.77660219934975,,,164.0079539134879,145.74982762182833,,,308.0253374481901,300.262899613916,,,,366.50425403321964,293.14451265568744,253.0782023356501,,,,,,,,,,,,,,,,,,,,,,,215.1766086135206,,,,,,201.3669807609188,,,,,,,,,,,,,,,,,,,,,,,,,,,,,,,,,,,,,,,,,,,,,,,,,,,,,,,,,,221.98023270773106,,,,,,,,,,,,228.76059607585623,,,,,,,,,,149.78214846852353,,,,,,,,,,,,,,,,,,,,,,,,,,,,,,189.58511596309933,,,,,,,,,,,,,,,,,,,,,,,,,,,,,,143.00731511981382,,,,,,,,,,,,,,,,,429.2320969711868,,,,,,,,,,,,,,,,,,,,,,,,,,,153.59694019023064,,,,,,,,,,,,,,,,,,,,,,,,,144.96217567658718,152.6582971886876,153.75925440450575,156.17744756059906,,,,,,,,,,,,,,,,,,,,
2018Q4,2,,,,,,,,,,,,,,,,,,,,,,,,,,,,,681.6841063645355,,,,,,640.2323621599869,,,,,,,,,,,,929.641893477232,859.0790672716703,1245.7445955041019,,,,1270.068162391444,561.9926869482206,,534.597889835896,,784.9489590221178,574.1402809093306,519.25984563136,529.1270021910503,1115.026196571236,747.4806810803088,765.4983526104209,,,817.2799922525762,,645.3265283432752,629.9361615721394,484.4466125040406,809.8872789616361,,,,,,,,,,,,,,,,,,,,,,,,,,,,,,573.0507111805034,627.9884603136946,,,,,,,,,,472.94845756484756,,,,,,,,,,,,,,516.4266524898743,,,,,,,,,,,,,,,,,,497.57544393808433,,,,,,646.3192456324205,,,,,,,,,,,,,,,,,,,569.4051476468808,,,,,,,494.5525986747504,,,,,,,,,,,,,,,,,,,,,,,,,,,,,,,,,,,,,,,,,,,,,,,,,,,,,,,,,,,,,,,,,,,,,,,,,,,,,,,,,,,,,,,,,,,,,602.1498359051915,,,,,,,,,,,,,,,,,,,,,503.4940620913428,,,,,,,,,,,,,,,,,,,
2018Q4,3,,,,,,,,,,696.2661280695509,,,,593.9313578507039,,,,,,,,420.3848677511322,,,,,,562.4970920091306,816.5269836536731,543.1536021011491,574.4026646299197,,537.1089013796287,,429.74577748971905,575.1776353752027,,438.27639858002215,,1087.2352369961093,757.0875894318917,928.441569695343,756.2509224457093,548.0011828204885,772.7402753446236,1016.9341991033683,896.770350454151,1571.2456436078805,1186.6216830834655,,,,,,,,,,,,,,,,,,,,,,,,526.6301518320653,,,,,,,,,,,,,,,,,,,,,,,,,,,,460.7588518934746,,,,,,,,,592.9800764099161,,,,,,,,,,,,,,,,,,,,,,,,,,,,,,,,,,,,514.4233713917247,,,,,,,,,,,,,,,,,,,,,,,,,,,,,,,,,,,,,,,,,,,,,,,,,,,,,,,,,,,,,,,,,,,,,,,,,,,,,,,,,,,,,,,,,,,,,,,,,,,,,,,,842.0207485645925,,,,,,,,,,,,,,,,,505.4633659789961,,,,,,,570.7877923720906,443.7653025015625,,,,,,,,,,,,,,,,,469.6150302720723,,,,,,,,,,,,,,,,,,
2018Q4,4,,,436.01975330511124,,,338.2861740871399,,404.270074040979,329.6852309506705,467.68866584570725,359.2820517579076,,378.55776442053144,378.4613617399996,,,449.49254723354386,362.9484048373674,404.3956749248736,518.2457684909058,,,447.9633510813987,602.462404535483,738.7726996300214,692.1171246750511,402.5817517879011,755.3002945983914,762.9810664015414,756.3939283000213,,,,311.4113130235205,,332.6960003056736,351.25030653609537,,,,,,,,,,,456.8972731987622,474.2895435596561,,,,,,,,,,,,,,,,,,,,,,,,,,,,304.9499571582388,,,,,,,,,,,,,,,,,,,,,,,,,,,,,,,,,,,,,,,,,,,,,,,,,,,,342.58536007134563,,,,,384.0146631360787,,,,,,,,,,,,,,,,,,,,,,,,,,,,,,,,,329.1526971575945,,,,,,,,,,,,,,,,,,,,,,,,,,,,,,,,,,,,,,,,,,,,,,,,,,,,,,,,,,,,,,,,,,,,,,,,,,,,,,,,,,,,,,,,,,,,,,,,,,,,,,,,,,,,,,,,,,,,,,,,,,,,,,304.77849727520197,,,,,,,,,,,,,,,,,
2019Q1,0,,,,472.3289445280182,,,,,,,,,,,,,,,,,,,,,,,,344.0579393126349,427.4488670894257,,,,,,528.8532151915728,,,,,,,,,,,,904.5149409755003,326.0695570627277,,,,,,528.9552107561045,,,,,,,410.61223056903236,374.072755373604,,336.09471423253893,,339.372907031983,850.169896273819,399.7214066045333,,554.959995063906,329.438281916785,478.08427536926797,717.9038614642493,,,,,,,,,,419.33627332564555,,,,,,,,,,,,,,368.3436352861447,497.4116043658796,,,416.19433389557076,,963.7707021238468,,,,,,,,,,,,,,,,,,,,,,,,,,,,,,,,,,,,,,,,,,,,,,,,,,,,349.53663285492274,,,,,,,,,,,,,,,587.8525707108378,,,,,,,,,,,,,,,,,,,,,,,,,,,,,,,,,,,,,,,,,,,,,,,,,,,,,,,,,,,,,,,,,,,,,,,,376.18364660584024,,,,,,,,,,,,,,,,,,,,,,,,,,,,586.432627596551,429.0039234040599,,,,,,,,,,,,,,,,,,,,,,,340.06383321280714,351.72927243049645,472.7631387054492,,,,,,,,,,,,,,
2019Q1,1,,,,832.2609546379754,,,,,,,,,,,,,,380.7059110145759,,,,,,,,,,292.89778043947916,229.7482381873026,,,,263.98538156718485,,,,,269.9872770948121,,,,,,,,308.54680519820045,1042.6287990731475,,,,,,552.7890116346538,,,408.9734889544349,473.33624612825963,,,234.40319328544533,288.8201124321457,,,,,,562.07221424055,,260.881897754766,270.9318996602342,,366.3311373647941,285.13305519814776,,,,,,,,,344.3811018928809,296.7868482882177,515.4409460948741,241.2538864094714,,,,,,,964.3068839886793,,,,,,,,,,,,,,,,,,,,,,,,,,,,,,,,,,,,,,,,,,,,282.7746311441616,,,,,,,,,,,,,,,,,,,,,,277.3669577175567,,,,,,,,,,,,,,,,,,,,,,,,,,,,,,,,,,,,,,,,,,,,,,,,,,,,,,,,,,,,,,,,,,,,,363.1006441110255,228.86138247550704,,,,,,,,,,,,,,,,,,,,,,,,,,,,,,,,,,,,,,,,,,,248.173715104188,,,,,,,,,,,,,,,,,,,,,,,,,,231.2095234923482,236.08864597715305,,,,,,,,,,,,
2019Q1,2,,,,,,,,433.7093426255809,,795.6592602578158,457.0159178393055,,,542.4355401272296,438.6648535270838,,,,546.4157227167493,538.7513471857529,,,522.943892069477,744.8040640141955,579.1917851235197,595.2155206513521,,850.5430601217573,1146.3165203214592,946.9844382062569,,,,,,603.3515531334741,,,,679.134925477604,,521.174213312513,431.89533835371645,557.1044580454883,561.3958459832709,450.09464968019495,,1346.4591228561562,791.208832671351,,,,,,,,,,,,,,,,,,,,,,,,,,,,,,,,,,,,,,,,,,,,,,,,,,,,,,,,,,,,,463.99691541567785,,,,,,,,,,,,,,,,,,,,,,,,,,,,,,,,,,,,,,,,,,,,,,,,,,,,,,,,,,,,,,,,435.70391402140694,,,,,,,,,,,,,,,,,,,,,,,,,,,,,,,,,,,,,492.121464841802,,,,,,,,,,,,,,,,,,534.5564946257837,,,,,,,,,,,,,,,,,,,,,510.388464774241,,,,,,,,,,441.6299341993486,,,,,,,,,,,,,,,,,,,,,,,,,,,,,,,,600.2114762503853,,,,,,,,,,,,,,,,,,
2019Q1,3,,,301.79674374882103,,245.54290125670758,,,327.06899438143864,252.82231553973477,276.0545261284219,357.7054474917292,,,348.8435726051355,,,,233.81380155307025,,370.37770087375833,,,287.2378473481716,,448.9656273121497,466.5527226607335,317.3549424829218,400.0757400835382,555.3969396191003,392.31643879948274,,,,,,,275.4914363648504,,217.21024508296497,,,,320.413110692831,,,,229.916632435425,725.6949532162914,396.18629846476654,,,,,,,,,,,,,,,,,,,,,,,,,,,,,,,,,,,,,,,,,,,,,,,,,,,,,,,,,,,,,260.6953682358607,,,,,,,,,,,,,,,,,,275.8884275287886,,,,,,279.68783515649443,,,,,,,,,,,,,,,,,,,,,,,,,,,,,,,,,296.3081792133285,,,,,,,,,,,,,,,,,,,,,,,,,,,,,,,,,,,,,,,,,,,,,,,,,,,,,,,,,,,,,,,,,,,,,,,,,,,,,,,,,,,222.116089743757,,,,,,,,,,,,222.6407403152887,,,,,,,,,,,,,,222.4582400292549,,,,,,,,,,,,,,,,,,,,,,,232.37333067261062,,,,,,,,,,,
2019Q1,4,,,,,,,,,,,420.01447804274244,,,,,,,,,,,,,,,,,479.4254800423726,681.0894347824943,,595.4913782729,421.4173414887101,,,620.0168198822176,,,433.87677855508537,,,638.6307542859324,620.0437751894897,,,,434.74384155711476,936.8691849364412,1139.2331324451266,1938.124790503642,,,,1383.484224947541,,,,,640.1329665192574,505.62063074048643,,,1060.5470918681572,586.247978597052,,,,,,611.4089377016138,,,506.84525838918347,,,,,,460.2419376773633,,427.18159977660747,,,,,,,500.71594845916405,,,,,,,,,,,,,,,483.6347844408701,,,,,,,,,,,,,,,,,451.87362057191507,,,,,,,,526.4374847372547,,,,,,,,,527.4263183267996,,,,,,,,,,,,,,,,,,,,,,,,,,,,,,,,,,,,,,,,,592.7502716917382,,,,,,,,,,,,,,,,,,,,,,,,,,,,,,,,,,,,,,,,,,,,,,,,,,,,,,,,,,,,,,,,,,,602.1522073312794,,,,,,,,,,,,,,,,,,,,,,,,,,802.1377172165786,,,,,,,,,,,,,,,,,,,,,,,,,,,,,,,,,,,,,,,,
2019Q2,0,,,,,,,,,,1020.3767628464483,474.21866574321035,,,559.0251794285017,,,,,437.7859886802644,,,,,641.3117613748929,,465.93849471289144,,751.8168829383568,847.3024023249142,1492.0976291601037,434.5071949317817,,,,,651.6866525439422,,,,1014.9659226689198,,630.5586482525746,870.1596730911375,635.329037226727,571.8927184022979,,503.1875648462064,1609.3452365996704,1469.4790837035116,,,,,,,,,,,,,,,,,,,,,,,,,,,,415.6091595883918,,,,,,,,,,,,,,,,,,,,,,,,427.8252253362597,,,,,,,,,509.20114645044174,,,432.86160841429154,,,,,,,,,,,,,504.96374666779735,,,,,,,,,,,,,,,,,,,,,,,,,,,,,,,,,,,467.03470635159937,,,,,,,,,,,,,,,,,,,,,,,,,,,,,,,,,,,,,,,,,,,,,,,,,,,,,,,,,,,,,,,,,,,,,,,,,,,,,,,,,,,,,,,,,688.4007513471305,,,,,,,,,,,,,616.2866293718926,,,,412.33894542853693,,,,,,,,,,,,,,,,,,,,,,,,,,,,,,,,,427.65247376986036,496.6594164489163,,,,,,,,,
2019Q2,1,,,,967.6432065388639,,,,,,,344.84582538535903,,,,,,,,,,,,,,,,,379.84546989586283,526.9276944454604,,432.28661731359944,,369.49571700317114,,418.28855357509974,,,378.26071296247056,,,490.3038359869434,447.13229634301024,,,339.7347510794004,,539.2812559526548,852.480971551811,1241.61554430587,,,,832.7472076900674,,,,,400.7269875730509,380.91547405489735,,443.548283812298,843.8576797010284,412.43668479271525,408.4244008258809,,,,,368.41175743511315,382.3867958258846,,365.06291183151546,507.47407045051114,,,,,,,368.13891732952385,,,,,,,,,,,,705.8334919063709,,,,,,,,,,354.1904534422133,,,,,,,,,,,,,,398.901422177322,,,,,,,,,,,,,,,,,,,,,,,,,,,,,,,,,,,,,,,,,,,,,,,,,,,,,,,,,,,,,,,,,,,,,,,,,,,,,,,,,,,,,,,,,,,,,,,,,,,,,,,,,,,,,,,,,,,,,,,,,,,,,,,,,,,,,,,,,,,,,,,,,,,,,,,,,,431.5678595842473,,,,,,,,,,,,,,,,,,,,,,,,,,,,,,,,,,,,,,,,
2019Q2,2,279.9541864744313,,382.37784044139863,,227.14828010771691,235.70822352193272,,389.2512540662062,288.60203165055117,249.1497121216726,269.32292688960644,,,329.0882275955231,,,374.44538121154767,249.03955227040524,293.91019100382294,488.5177647111396,240.56792503082005,,433.7620992690266,300.19549150118377,570.8491034074881,649.8184219947253,369.0331792368963,631.8981146545225,652.056056338459,357.96003037230776,,,,252.0330683546341,,,371.9828330720593,,,,,,,,,,,221.6471580191613,,,,,,,,,,,,,,,,,,,,,,,,,,,,,,,,,,,,,,,,,,,,,,,,,,,,,,,,,,,,,,,,,,,,,,,,,,,,,,,,,,,,,,400.9221653775241,,,,,,,,,,,,,,,,,,,,,,,,,,,,,,,,,266.1979631841533,,,,,,,,,,,,,,,,,,,,,431.4201831398249,,,,,,,,,,,,,,,,,,,,,,,,,,,,,,,,,,,,,,,,,,,,246.74668485889708,,,,,,,,,,,,,,,,,,,,,,,,,,,,,,,,,,,,,,,,,,,,,,,,,,,,,,,,,,,,,,,,,,,,,,279.90250757417505,,,,,,,,
2019Q2,3,,,,,,,,,,,,,,,,,,,,,,,,,,,,250.1040579467302,,,,,169.25666250068036,,341.51005620471955,,,,,,,,,,,377.8204373220985,488.44475706242736,243.71083646163902,209.25118358543378,,,,,293.19073930910315,,171.61764419866572,,,,,191.0211826327306,261.31084800416744,,,,,,185.95696874488735,,,,233.2860364326344,,,,,,,,,,,,,,,,,,,,275.5083527345664,,,,,,,,,,,,,,,,,,,,,,216.9607302376079,,,,,,,,,,,,,394.93490310500715,,,,,,,,,563.5948118918425,,,,,215.84196138450355,,,,,,,,170.40721845961988,,,,,,,,,,,,,,,,,,,,,262.8523947709995,,213.62761626375914,,,,,177.6490479262249,,183.45869651169238,,,,,,,,,,,,,,,,,,,,,,,,,,,,,,,,328.3129678600274,170.29696919665275,,,,,,,,356.68681952086735,,,,,,,,,,,,,,,,,,,,,,,,,,,,,,,,,,,,,,,,,,193.96037267781887,,,,,,,,,315.99129935385486,,,,,,,,,,,,,,,,,,,,,,,,,,,,,,,,171.00115394875064,399.96599248856523,,,,,,
2019Q2,4,,,,736.3113378216062,,,,,,,,,,,,,,,,,,,,,,,,489.3354745643153,524.6600129358789,,,,,,723.1210796515156,,,477.75523875888297,,,,,,,,924.0140681691744,1727.6885050827561,487.8157973675087,,,,,763.6215244053641,445.96955445997725,,447.5744775322378,,,,506.5639821643665,575.0153555837395,472.3581829779645,,628.2467087927271,,,1236.6609498555115,441.61867336155655,762.7311888531067,624.6199275463752,,705.1770271990391,683.4454888117485,,,,,,,,,,816.6588478100264,794.0416164682262,,,,,,,,810.9804158736418,,,,,,509.36040575959026,,,,,1019.8453144116917,,,,,,,,,,,,,,,,,,,,,,,,,,,,,,,,,621.4121434228433,,,,,,,,,,,,,,,,,,,,,,,,,,,,,,,,,,602.6627528455141,,,,,,,,,,,,,,,,,,,,,,,,,,,,,,,,,,,,,,,,,,,,,,,,,,,,,522.1144286595976,,,,,,,,,,,,,,,,,,,,,,,,,,,,,,,,,,,,,,,,,,,,,,,,,,,,,,,,,,,,,,,,,,,,,,,,,616.2596909601895,,,,,,,,,,,,,,
2019Q3,0,,,,556.5604350044969,,,,,,,,,,,,,,,,,,,,,,,,269.5433599241566,,,,,289.3522788281974,,278.26750264101224,,,,,,,,297.16386939544265,,,620.3363396097407,733.6775921858035,227.9428990935538,,,,,,201.90828840996056,,,,,,268.32858416905367,256.40135580493114,,,305.42285534928953,,,503.8879069608457,518.3375776824366,283.3492736731234,325.90829230720095,,317.0288404722269,531.1367291314868,,,,,,,,,,,255.57749159348373,,,,,,,,630.8566599333963,,,,,,,,,,,210.10755092357581,,,,,,,,,,,277.3272987580652,,,,,,,,,,,,,,,,,,,,,,219.7777830333642,,,,,,,225.7312482574275,,,,,,203.57195690878527,,,,,,,,,221.08277343973546,,,,,,,,,,,,,,201.12815048885068,,,,,,,,,,,,,,,,,,,,,,,,,,,,,,,,,,,,,,,,,,,,,,,,,,,,,,,,,,,,,,,,,,,,,,,,,,,,,,,,,,,,,,,,,,,,,,,,,,,,,,,,,,,,227.75720221322257,,,,,,,,,,,,,,,,231.70385603136233,,,,,,,,,254.57315446669057,,,,,
2019Q3,1,,,,,,,,264.7155296835999,,498.4565718064445,307.0724174686604,,,342.5218802540043,,,318.77539589299556,245.9916664218621,355.1720584963364,397.1328602430945,,268.7901571047006,359.4105778623866,409.01153882849445,422.29113542978126,425.7956049238211,,548.9266256097269,675.7023378058723,556.6426864697818,,,,,,301.62626406648377,293.1658972697577,,,316.7947924996129,,301.2428810930001,,441.61857446583514,275.68468957634434,384.0043828523042,289.94644002381307,760.3841972618028,577.8356729085806,,,,,,,,,,,,,,,,,,,,,,,,,,,,,,,,,,,,,,,,,,,,,,,,,,,,,,,,,,,,,,,,,,,,,,,,,,,,,,,,241.2094815123334,,,,,312.9414102701628,,,,,,,,,,,,,,,,,,,,,,,,,,,,,,,,,,,,,,,,,,,,,,,,,,,,,,,,,,,,,,,,,,,,,,,,,,,,,,,,,,,,,,,,,,,,,,,,,,,,,,,,,,,,,,,,,,,,443.77714119971773,,,,,,,,,,,,,,,,,,,,,,,,,,,,,,,,,,,,,,,,,,,,,,,,,,,,262.85457129933314,,,,,,,,
2019Q3,2,,,,,,,,,,,,,,,,,,,,,,,,,,,,,199.11536548286625,,,,,,,,,,,,,,,,,,195.83657071833056,303.2156462788992,182.48626778317424,207.30428040279392,,,405.0403534133603,,,263.9824618083315,,426.52293545250836,290.8976267233305,188.36545748584302,266.7678441058115,428.4741806009049,394.51886703601934,428.13258119256,,,,,,,194.43915271526743,286.58252327699256,,,,,,,,,,,230.22776339985228,,,,,,,,,,,,,,,,,,,,313.0453739302293,,,,,,,,,,,,,,,,,,,,,,,,,,,,,,,,,,219.0074360210064,326.8033784011599,,187.59506568269083,,,,,,,,,,,,,,,,,,,,,,,,,,,,,,198.0811182625909,,,,,,,,,,,,,,,,,,,,,,,,,,,,,,,,,,,,,,,,,,,,,,,,,,,,,225.22215255391254,,,,,,,,,,,,,,,,,,,,,,,,,,210.6192892685361,,,,,,,,,,,,,,,,,,,,,,,,,,,,,,,,,,,,,,,,,,250.435977841379,,,,,196.247532346904,,,,,,,,,,178.02485599691263,195.5423515073955,197.38148524519806,212.76211345212974,
2019Q3,3,,,,,,,,,,,114.96462151598905,,,,,,,,,,,,,,,,,148.26971686588757,110.6203220093979,,117.27282689411558,,,,185.00457675429158,,,130.26994045230884,,,102.20353585697457,,,,,,251.90655631317114,170.70786387483705,396.86807962465235,,,,289.74404923309135,,,,,,,,101.05211121491709,175.3464254861698,,,,,205.95953563885334,,,,,,,,,,,234.6583355485085,124.50362111294528,155.13956844109055,,,101.07000356681088,,,,163.61006572361765,,,,,,109.85412791750753,,,,103.42514483673096,,,,,,120.3997200805535,,,,,,,,,,,,,,,,,,,,,,,,109.20291101356428,,,,98.1774382892733,,,,,158.2487728987668,,,,,,,,165.1715922121581,139.87710953408248,,,,,,,,100.27410027141475,,,,,,,,,,,,,,,,,,,,,,,,169.5419650224547,,,,,,,,,,,,,,,,,,,,,,,,,,,,,,,,,,,,,,,,,,,,,,,,,,,,,,,,,,,,,,,,,,,,,,,,,,,,,,,,,,,,,,,,,,,,,,122.07849321759876,,,,,,,,,,,,,,,,,,,,,,,,,,,,,,,,,,,,,,,
2019Q3,4,,,,,,,,,,145.13997901280797,137.47580689903722,,,247.83542254643098,,,,,,,,,,,,196.31796867297575,,136.59571603288805,144.05922177420928,125.8282859484367,208.36820676173394,,135.19410639409327,,147.01925366577765,140.36619416829453,,138.07677394830557,123.56484438857916,237.588520728423,143.13167071512515,250.79230582919843,130.80152822366597,,140.76502415609113,,214.63284075878263,370.74939349080614,357.3166143584543,,,,,,,,,,,,,,,,,,,,,,,,,,,,,,,,,,,,,,,,,,,,,,,,,,,,,,,,,,,,,,,,,,,,,,,,,,,,,,141.23443318146465,,,,,,,,,162.5272197522782,,,,,,,,,,,,,,,,,,,,,,,,,,,,,,,,,,201.91250249127154,,,,,,,130.8639284877423,,,,,,,,,,,,,,,,,,,,,,,,,,,,,,,,,,,,,,,,,,,,,,,,,,,,,,,,,,,,,,,,,,,,,,,,,147.41463618395986,,,,,,,,,,,,,,,,,136.4374046304627,,,,160.83518414411932,,,,,,,,,,,,,,,,,,,,,,,,,,,,,,130.257465377213,,,,,,,,,119.1011552655021
